@article{lopez1993,
  title={ANACAL: a program to carry out a configurational analysis of the wave function of reactive systems},
  author={L{\'o}pez, R and Men{\'e}ndez, MI and Su{\'a}rez, D and Sordo, TL and Sordo, JA},
  journal={Computer physics communications},
  volume={76},
  number={2},
  pages={235--249},
  year={1993},
  publisher={Elsevier}
}
@article{yang1984electron,
title={Electron density, Kohn--Sham frontier orbitals, and Fukui functions},
author={Yang, Weitao and Parr, Robert G and Pucci, Robert},
journal={The Journal of Chemical Physics},
volume={81},
number={6},
pages={2862--2863},
year={1984},
publisher={American Institute of Physics}
}
@article{manne1970koopmans,
title={Koopmans' theorem for inner-shell ionization},
author={Manne, Rolf and {\AA}berg, T},
journal={Chemical Physics Letters},
volume={7},
number={2},
pages={282--284},
year={1970},
publisher={Elsevier}
}

@article{litfin2019,
	title={SPOT-peptide: Template-based prediction of peptide-binding proteins and peptide-binding sites},
	author={Litfin, Thomas and Yang, Yuedong and Zhou, Yaoqi},
	journal={Journal of chemical information and modeling},
	year={2019},
	publisher={ACS Publications}
}
@article{ribeiro2017atlas,
	title={Mechanism and Catalytic Site Atlas (M-CSA): a database of enzyme reaction mechanisms and active sites},
	author={Ribeiro, Ant{\'o}nio J M and Holliday, Gemma L and Furnham, Nicholas and Tyzack, Jonathan D and Ferris, Katherine and Thornton, Janet M},
	journal={Nucleic acids research},
	volume={46},
	number={D1},
	pages={D618--D623},
	year={2017},
	publisher={Oxford University Press}
}
@article{cedillo2012local,
	title={A local extension of the electrophilicity index concept},
	author={Cedillo, Andr{\'e}s and Contreras, Renato},
	journal={Journal of the Mexican Chemical Society},
	volume={56},
	number={3},
	pages={257--260},
	year={2012},
	publisher={Sociedad Qu{\'\i}mica de M{\'e}xico AC}
}
@article{parr1978elect,
	title={Electronegativity: the density functional viewpoint},
	author={Parr, Robert G and Donnelly, Robert A and Levy, Mel and Palke, William E},
	journal={The Journal of Chemical Physics},
	volume={68},
	number={8},
	pages={3801--3807},
	year={1978},
	publisher={AIP}
}
@article{parr1983absolute,
	title={Absolute hardness: companion parameter to absolute electronegativity},
	author={Parr, Robert G and Pearson, Ralph G},
	journal={Journal of the American Chemical Society},
	volume={105},
	number={26},
	pages={7512--7516},
	year={1983},
	publisher={ACS Publications}
}
@article{meneses2004proposal,
	title={A proposal for a new local hardness as selectivity index},
	author={Meneses, Lorena and Tiznado, William and Contreras, Renato and Fuentealba, Patricio},
	journal={Chemical physics letters},
	volume={383},
	number={1-2},
	pages={181--187},
	year={2004},
	publisher={Elsevier}
}
@article{gal2011new,
	title={A new approach to local hardness},
	author={Gal, T and Geerlings, P and De Proft, F and Torrent-Sucarrat, M},
	journal={Physical Chemistry Chemical Physics},
	volume={13},
	number={33},
	pages={15003--15015},
	year={2011},
	publisher={Royal Society of Chemistry}
}
@article{1984,
	author = {Parr, Robert G and Parr, Robert G and Yang, Weitao and Yang, Weitao},
	doi = {doi: 10.1021/ja00326a036},
	isbn = {0002-7863},
	issn = {0002-7863},
	journal = {J. Am. Chem. Soc.},
	number = {14},
	pages = {4049--4050},
	title = {{Density functional approach to the frontier-electron theory of chemical reactivity}},
	volume = {106},
	year = {1984}
}
@article{yang1984electron,
	title={Electron density, Kohn--Sham frontier orbitals, and Fukui functions},
	author={Yang, Weitao and Parr, Robert G and Pucci, R},
	journal={The Journal of Chemical Physics},
	volume={81},
	number={6},
	pages={2862--2863},
	year={1984},
	publisher={AIP}
}
@article{martinez2015dual,
	title={Why is the dual descriptor a more accurate local reactivity descriptor than Fukui functions?},
	author={Mart{\'\i}nez-Araya, Jorge Ignacio},
	journal={Journal of Mathematical Chemistry},
	volume={53},
	number={2},
	pages={451--465},
	year={2015},
	publisher={Springer}
}
@article{noorizadeh2013evaluation,
	title={Evaluation of absolute hardness: a new approach},
	author={Noorizadeh, Siamak and Parsa, Hadi},
	journal={The Journal of Physical Chemistry A},
	volume={117},
	number={5},
	pages={939--946},
	year={2013},
	publisher={ACS Publications}
}
@article{cardenas2011fukuipotential,
	title={The Fukui potential and the capacity of charge and the global hardness of atoms},
	author={C{\'a}rdenas, Carlos and Tiznado, William and Ayers, Paul W and Fuentealba, Patricio},
	journal={The Journal of Physical Chemistry A},
	volume={115},
	number={11},
	pages={2325--2331},
	year={2011},
	publisher={ACS Publications}
}
@article{padmanabhan2007electrophilicity,
	title={Electrophilicity-based charge transfer descriptor},
	author={Padmanabhan, J and Parthasarathi, R and Subramanian, V and Chattaraj, PK},
	journal={The Journal of Physical Chemistry A},
	volume={111},
	number={7},
	pages={1358--1361},
	year={2007},
	publisher={ACS Publications}
}
@article{padmanabhan2007multiphilic,
	title={Multiphilic descriptor for chemical reactivity and selectivity},
	author={Padmanabhan, J and Parthasarathi, R and Elango, M and Subramanian, V and Krishnamoorthy, BS and Gutierrez-Oliva, S and Toro-Labb{\'e}, A and Roy, DR and Chattaraj, PK},
	journal={The Journal of Physical Chemistry A},
	volume={111},
	number={37},
	pages={9130--9138},
	year={2007},
	publisher={ACS Publications}
}
@article{khandogin2003insights,
	title={Insights into the regioselectivity and RNA-binding affinity of HIV-1 nucleocapsid protein from linear-scaling quantum methods},
	author={Khandogin, Jana and Musier-Forsyth, Karin and York, Darrin M},
	journal={Journal of molecular biology},
	volume={330},
	number={5},
	pages={993--1004},
	year={2003},
	publisher={Elsevier}
}
@article{la2012computational,
	title={Computational insights into the role of the frontiers orbital in the chemistry of tridentate ligands},
	author={La Porta, FA and Giacoppo, JOS and Ramos, PH and Guerreiro, MC and Ramalho, TC},
	journal={American Journal of Chemistry},
	volume={2},
	number={5},
	pages={255--262},
	year={2012}
}
@article{torrent2008hardness,
	title={The hardness kernel as the basis for global and local reactivity indices},
	author={Torrent-Sucarrat, Miquel and Salvador, Pedro and Sol{\`a}, Miquel and Geerlings, Paul},
	journal={Journal of computational chemistry},
	volume={29},
	number={7},
	pages={1064},
	year={2008},
	publisher={John Wiley \& Sons, Ltd}
}
@article{pino2017proposal,
	title={Proposal of a simple and effective local reactivity descriptor through a topological analysis of an orbital-weighted fukui function},
	author={Pino-Rios, Ricardo and Ya{\~n}ez, Osvaldo and Inostroza, Diego and Ruiz, Lina and Cardenas, Carlos and Fuentealba, Patricio and Tiznado, William},
	journal={Journal of computational chemistry},
	volume={38},
	number={8},
	pages={481--488},
	year={2017},
	publisher={Wiley Online Library}
}
@article{litfin2019,
	title={SPOT-peptide: Template-based prediction of peptide-binding proteins and peptide-binding sites},
	author={Litfin, Thomas and Yang, Yuedong and Zhou, Yaoqi},
	journal={Journal of chemical information and modeling},
	year={2019},
	publisher={ACS Publications}
}
@article{Parr1984,
	author = {Parr, Robert G and Parr, Robert G and Yang, Weitao and Yang, Weitao},
	doi = {doi: 10.1021/ja00326a036},
	isbn = {0002-7863},
	issn = {0002-7863},
	journal = {J. Am. Chem. Soc.},
	number = {14},
	pages = {4049--4050},
	title = {{Density functional approach to the frontier-electron theory of chemical reactivity}},
	volume = {106},
	year = {1984}
}
@article{yang1984electron,
	title={Electron density, Kohn--Sham frontier orbitals, and Fukui functions},
	author={Yang, Weitao and Parr, Robert G and Pucci, R},
	journal={The Journal of Chemical Physics},
	volume={81},
	number={6},
	pages={2862--2863},
	year={1984},
	publisher={AIP}
}
@article{martinez2015dual,
	title={Why is the dual descriptor a more accurate local reactivity descriptor than Fukui functions?},
	author={Mart{\'\i}nez-Araya, Jorge Ignacio},
	journal={Journal of Mathematical Chemistry},
	volume={53},
	number={2},
	pages={451--465},
	year={2015},
	publisher={Springer}
}
@article{noorizadeh2013evaluation,
	title={Evaluation of absolute hardness: a new approach},
	author={Noorizadeh, Siamak and Parsa, Hadi},
	journal={The Journal of Physical Chemistry A},
	volume={117},
	number={5},
	pages={939--946},
	year={2013},
	publisher={ACS Publications}
}
@article{cardenas2011fukuipotential,
	title={The Fukui potential and the capacity of charge and the global hardness of atoms},
	author={C{\'a}rdenas, Carlos and Tiznado, William and Ayers, Paul W and Fuentealba, Patricio},
	journal={The Journal of Physical Chemistry A},
	volume={115},
	number={11},
	pages={2325--2331},
	year={2011},
	publisher={ACS Publications}
}
@article{padmanabhan2007electrophilicity,
	title={Electrophilicity-based charge transfer descriptor},
	author={Padmanabhan, J and Parthasarathi, R and Subramanian, V and Chattaraj, PK},
	journal={The Journal of Physical Chemistry A},
	volume={111},
	number={7},
	pages={1358--1361},
	year={2007},
	publisher={ACS Publications}
}
@article{padmanabhan2007multiphilic,
	title={Multiphilic descriptor for chemical reactivity and selectivity},
	author={Padmanabhan, J and Parthasarathi, R and Elango, M and Subramanian, V and Krishnamoorthy, BS and Gutierrez-Oliva, S and Toro-Labb{\'e}, A and Roy, DR and Chattaraj, PK},
	journal={The Journal of Physical Chemistry A},
	volume={111},
	number={37},
	pages={9130--9138},
	year={2007},
	publisher={ACS Publications}
}
@ARTICLE{Mulholland2005,
	author = {Mulholland, Adrian J.},
	title = {Modelling enzyme reaction mechanisms, specificity and catalysis},
	journal = {Drug Discov. Today},
	year = {2005},
	volume = {10},
	pages = {1393--1402},
	number = {20},
	doi = {10.1016/S1359-6446(05)03611-1},
}
@article{Merz2014,
	author = {Merz, Kenneth M.},
	doi = {10.1021/ar5001023},
	isbn = {0001-4842},
	issn = {15204898},
	journal = {Acc. Chem. Res.},
	number = {9},
	pages = {2804--2811},
	pmid = {25099338},
	title = {{Using quantum mechanical approaches to study biological systems}},
	volume = {47},
	year = {2014}
}
@book{Duan2013,
	author = {Duan, X and Poeppelmeier, K R},
	doi = {10.1007/978-3-642-32750-6},
	isbn = {978-3-642-32749-0},
	pages = {244},
	title = {{Applications of Density Functional Theory to Biological and Bioinorganic Chemistry}},
	url = {http://link.springer.com/10.1007/978-3-642-32750-6},
	volume = {150},
	year = {2013}
}
@article{Qi2017,
	author = {Qi, Helena W. and Karelina, Maria and Kulik, Heather J.},
	doi = {10.3866/PKU.WHXB201706303},
	issn = {10006818},
	journal = {Acta Phys. Chim Sin},
	number = {1},
	pages = {81--91},
	title = {{Quantifying electronic effects in QM and QM/MM biomolecular modeling with the Fukui function}},
	volume = {34},
	year = {2017}
}
@article{Geerlings2003,
	author = {Geerlings, P and {De Proft}, F and Langenaeker, W},
	doi = {10.1021/cr990029p},
	isbn = {0009-2665},
	issn = {0009-2665},
	journal = {Chem. rev.},
	number = {5},
	pages = {1793--1873},
	pmid = {12744694},
	title = {{Conceptual density functional theory.}},
	volume = {103},
	year = {2003}
}
@article{Parr1978,
	author = {Parr, Robert G. and Donnelly, Robert a. and Levy, Mel and Palke, William E.},
	doi = {10.1063/1.436185},
	isbn = {00219606 (ISSN)},
	issn = {00219606},
	journal = {J Chem. Phys.},
	number = {8},
	pages = {3801--3807},
	pmid = {639},
	title = {{Electronegativity: The density functional viewpoint}},
	volume = {68},
	year = {1978}
}
@article{Pearson1989,
	author = {Pearson, Ralph G.},
	doi = {10.1021/jo00267a034},
	eprint = {arXiv:1011.1669v3},
	isbn = {9788578110796},
	issn = {0022-3263},
	journal = {J. Org. Chem.},
	number = {6},
	pages = {1423--1430},
	pmid = {25246403},
	title = {{Absolute electronegativity and hardness: applications to organic chemistry}},
	volume = {54},
	year = {1989}
}
@article{padmanabhan2007,
	title={Electrophilicity-based charge transfer descriptor},
	author={Padmanabhan, J and Parthasarathi, R and Subramanian, V and Chattaraj, PK},
	journal={J. Phys. Chem. A},
	volume={111},
	number={7},
	pages={1358--1361},
	year={2007},
	publisher={ACS Publications}
}
@article{Vela1990,
	author = {Vela, Alberto and G{\'{a}}zquez, Jos{\'{e}} L.},
	doi = {10.1021/ja00160a029},
	issn = {15205126},
	journal = {J. Am. Chem. Soc.},
	number = {4},
	pages = {1490--1492},
	title = {{A Relationship between the Static Dipole Polarizability, the Global Softness, and the Fukui Function}},
	volume = {112},
	year = {1990}
}
@article{Perez2009,
	author = {P{\'{e}}rez, Patricia and Domingo, Luis R. and Duque-Nore{\~{n}}a, Mario and Chamorro, Eduardo},
	doi = {10.1016/j.theochem.2008.10.014},
	isbn = {0166-1280},
	issn = {01661280},
	journal = {J. Mol. Struct.},
	number = {1-3},
	pages = {86--91},
	publisher = {Elsevier B.V.},
	title = {{A condensed-to-atom nucleophilicity index. An application to the director effects on the electrophilic aromatic substitutions}},
	volume = {895},
	year = {2009}
}
@article{Ozen2006,
	author = {{\"{O}}zen, Alimet Sema and {De Proft}, Frank and Aviyente, Viktorya and Geerlings, Paul},
	doi = {10.1021/jp0568374},
	isbn = {1089-5639},
	issn = {10895639},
	journal = {J. Phys. Chem. A},
	number = {17},
	pages = {5860--5868},
	pmid = {16640382},
	title = {{Interpretation of hydrogen bonding in the weak and strong regions using conceptual DFT descriptors}},
	volume = {110},
	year = {2006}
}
@article{Roy1998,
	author = {Roy, R K and Krishnamurti, S and Geerlings, P and Pal, S},
	journal = {J. Phys. Chem. A},
	number = {97},
	pages = {3746--3755},
	title = {{Local Softness and Hardness Based Reactivity Descriptors for Predicting Intra- and Intermolecular Reactivity Sequences: Carbonyl Compounds}},
	volume = {5639},
	year = {1998}
}
@article{Rivas2004,
	author = {Rivas, Pilar and Zapata-Torres, Gerald and Melin, Junia and Contreras, Renato},
	doi = {10.1016/j.tet.2004.03.044},
	issn = {00404020},
	journal = {Tetrahedron},
	number = {19},
	pages = {4189--4196},
	title = {{Probing the hydride transfer process in the lumiflavine–1-methylnicotinamide model system using group softness}},
	volume = {60},
	year = {2004}
}
@article{Domingo2009,
	author = {Domingo, Luis R and S{\'{a}}ez, Jos{\'{e}} a},
	doi = {10.1039/b909611f},	
	isbn = {1477-0520},
	issn = {1477-0539},
	journal = {Org. Biomol. Chem.},
	number = {17},
	pages = {3576--3583},
	pmid = {19675915},
	title = {{Understanding the mechanism of polar Diels-Alder reactions.}},
	volume = {7},
	year = {2009}
}
@article{Bendjeddou2016,
	author = {Bendjeddou, Amel},
	doi = {10.11648/j.ajac.20160403.16},
	issn = {2330-8753},
	journal = {Am. J. Appl. Chem.},
	number = {3},
	pages = {104},
	title = {{Studies on Chemical Reactivity of p-aminophenyl Benzene- Fused Bis Tetrathiafulvalenes Through Quantum Chemical Approaches}},
	volume = {4},
	year = {2016}
}
@article{Karelson1996,
	abstract = {PMID: 11848779},
	author = {Karelson, Mati and Lobanov, Victor S. and Katritzky, Alan R.},
	doi = {10.1021/cr950202r},
	isbn = {0009-2665},
	issn = {0009-2665},
	journal = {Chem. Rev.},
	number = {3},
	pages = {1027--1044},
	pmid = {11848779},
	title = {{Quantum-Chemical Descriptors in QSAR/QSPR Studies}},
	volume = {96},
	year = {1996}
}
@article{Vijayaraj2009,	
	author = {Vijayaraj, R. and Subramanian, V. and Chattaraj, P. K.},
	doi = {10.1021/ct900347f},
	issn = {15499618},
	journal = {J. Chem. Theory Comput.},
	number = {10},
	pages = {2744--2753},
	title = {{Comparison of global reactivity descriptors calculated using various density functionals: A QSAR perspective}},
	volume = {5},
	year = {2009}
}
@article{DeGeerlings2000,
	author = {{De Geerlings}, P.},
	doi = {10.1002/1097-461X(2000)80:2<227::AID-QUA17>3.0.CO;2-N},
	isbn = {0020-7608},
	issn = {00207608},
	journal = {Int. J. Quantum Chem.},
	keywords = {alder reactions,dft,diels,hsab,regioselectivity},
	number = {2},
	pages = {227--235},
	pmid = {3011},
	title = {{HSAB principle: Applications of its global and local forms in organic chemistry}},
	volume = {80},
	year = {2000}
}
@article{Heidar-Zadeh2017,
	author = {Heidar-Zadeh, Farnaz and Fias, Stijn and V{\"{o}}hringer-Martinez, Esteban and Verstraelen, Toon and Ayers, Paul W.},
	doi = {10.1007/s00214-016-2036-0},	
	issn = {1432-881X},
	journal = {Theo. Chem. Acc.},
	number = {1},
	pages = {19},
	publisher = {Springer Berlin Heidelberg},
	title = {{The local response of global descriptors}},
	volume = {136},
	year = {2017}
}
@article{Domingo2016,
	author = {Domingo, Luis R. and R{\'{i}}os-Guti{\'{e}}rrez, Mar and P{\'{e}}rez, Patricia},
	doi = {10.3390/molecules21060748},
	isbn = {1420-3049},
	issn = {14203049},
	journal = {Molecules},
	number = {6},
	title = {{Applications of the conceptual density functional theory indices to organic chemistry reactivity}},
	volume = {21},
	year = {2016}
}
@article{Xia2008,	
	author = {Xia, Yue and Yin, Dulin and Rong, Chunying and Xu, Qiong and Yin, Donghong and Liu, Shubin},
	doi = {10.1021/jp805410c},
	isbn = {1520-5215 (Electronic)},
	issn = {1520-5215},
	journal = {J Phys Chem. A},
	number = {40},
	pages = {9970--7},
	pmid = {18785697},
	title = {{Impact of Lewis acids on Diels-Alder reaction reactivity: a conceptual density functional theory study.}},
	volume = {112},
	year = {2008}
}
@article{Roos2009,
	author = {Roos, Goedele and Foloppe, Nicolas and {Van Laer}, Koen and Wyns, Lode and Nilsson, Lennart and Geerlings, Paul and Messens, Joris},
	doi = {10.1371/journal.pcbi.1000461},
	isbn = {1553-7358 (Electronic)},
	issn = {1553734X},
	journal = {PLoS Comput. Bio.},
	number = {8},
	pmid = {19675666},
	title = {{How thioredoxin dissociates its mixed disulfide}},
	volume = {5},
	year = {2009}
}
@article{Sastre2017,
	author = {Frau, Juan and Glossman-mitnik, Daniel},
	doi = {10.3390/molecules22030458},
	isbn = {5261443911},
	journal = {Molecules},
	number = {1},
	pages = {1--7},
	title = {{Computational Prediction of the Protonation Sites of Ac-Lys-(Ala)n-Lys-NH2 Peptides through Conceptual DFT Descriptors}},
	volume = {10},
	year = {2017}
}
@article{Juan2017,
	author = {Frau, Juan and Hern??ndez-Haro, Noem?? and Glossman-Mitnik, Daniel},
	doi = {10.1016/j.cplett.2017.01.038},
	issn = {00092614},
	journal = {Chem. Phys. Lett},
	pages = {138--141},
	publisher = {Elsevier B.V.},
	title = {{Computational prediction of the pKas of small peptides through Conceptual DFT descriptors}},
	volume = {671},
	year = {2017}
}
@article{Roos2006,
	author = {Roos, Goedele and Loverix, Stefan and Brosens, Elke and {Van Belle}, Karolien and Wyns, Lode and Geerlings, Paul and Messens, Joris},
	doi = {10.1002/cbic.200500507},
	isbn = {1439-4227},
	issn = {1439-4227},
	journal = {Chembiochem},
	number = {6},
	pages = {981--9},
	pmid = {16607668},
	title = {{The activation of electrophile, nucleophile and leaving group during the reaction catalysed by pI258 arsenate reductase.}},
	volume = {7},
	year = {2006}
}
@article{Frau2017,
	author = {Frau, Juan and Ramis, Rafael and Glossman-Mitnik, Daniel},
	doi = {10.1007/s00214-017-2070-6},
	issn = {1432-881X},
	journal = {Theo. Chem. Acc.},
	number = {4},
	pages = {39},
	publisher = {Springer Berlin Heidelberg},
	title = {{Computational prediction of the preferred glycation sites of model helical peptides derived from human serum albumin (HSA) and lysozyme helix 4 (LH4)}},
	volume = {136},
	year = {2017}
}
@article{Khandogin2004, 
	author = {Khandogin, Jana and York, Darrin M.},
	doi = {10.1002/prot.20171},
	isbn = {1097-0134 (Electronic)},
	issn = {08873585},
	journal = {Proteins: Struct. Funct.},
	number = {4},
	pages = {724--737},
	pmid = {15281126},
	title = {{Quantum descriptors for biological macromolecules from linear-scaling electronic structure methods}},
	volume = {56},
	year = {2004}
}
@article{Merz2010,
	author = {Merz, Kenneth M. and Faver, John},
	doi = {10.1021/ct9005085},
	isbn = {1549-9618},
	issn = {15499618},
	journal = {J. Chem. Theory Comput.},
	number = {2},
	pages = {548--559},
	pmid = {20369029},
	title = {{Utility of the hard/soft acid-base principle via the fukui function in biological systems}},
	volume = {6},
	year = {2010}
}
@article{Roy2010,
	author = {Roy, Ram Kinkar and Saha, Soumen},
	doi = {10.1039/b811052m},
	issn = {0260-1826},
	journal = {Annu. Rep. Prog. Chem., Sect. C: Phys. Chem.},
	pages = {118},
	title = {{Studies of regioselectivity of large molecular systems using DFT based reactivity descriptors}},
	volume = {106},
	year = {2010}
}
@article{Rabi2017,
	title={Exploring the substrate selectivity of human sEH and M. tuberculosis EHB using QM/MM},
	author={Rabi, Sandra and Patel, Anand HG and Burger, Steven K and Verstraelen, Toon and Ayers, Paul W},
	journal={Struct. Chem.},
	volume={28},
	number={5},
	pages={1501--1511},
	year={2017},
	publisher={Springer}
}
@article{Alber1998,	
	author = {Alber, F and Kuonen, O and Scapozza, L and Folkers, G and Carloni, P},	
	journal = {Proteins: Struct. Func.},
	number = {November 1997},
	pages = {453--459},
	title = {{Density Functional Studies on Herpes Simplex Virus Type 1 Thymidine Kinase – Substrate Interactions : The Role of Tyr-172 and Met-128 in Thymine Fixation}},
	volume = {31},
	year = {1998}
}
@article{Roos2003,	
	author = {Roos, G and Loverix, S and {De Proft}, F. and Wyns, L and Geerlings, P},
	doi = {10.1021/jp034376l},
	issn = {10895639},
	journal = {J. Phys. Chem. A},
	number = {35},
	pages = {6828--6836},
	pmid = {2639},
	title = {{A computational and conceptual DFT study of the reactivity of anionic compounds: Implications for enzymatic catalysis}},
	volume = {107},
	year = {2003}
}
@article{Roos2004,
	author = {Roos, Goedele and Messens, Joris and Loverix, Stefan and Wyns, Lode and Geerlings, Paul},
	doi = {10.1021/jp0486550},
	isbn = {1520-6106},
	issn = {15206106},
	journal = {J. Phys. Chem. B},
	number = {44},
	pages = {17216--17225},
	title = {{A computational and conceptual DFT study on the michaelis complex of pI258 arsenate reductase. Structural aspects and activation of the electrophile and nucleophile}},
	volume = {108},
	year = {2004}
}
@article{Leopoldini2007,	
	author = {Leopoldini, Monica and Marino, Tiziana and Michelini, Maria Del Carmen and Rivalta, Ivan and Russo, Nino and Sicilia, Emilia and Toscano, Marirosa},
	doi = {10.1007/s00214-006-0199-9},
	isbn = {1432-881X},
	issn = {1432881X},
	journal = {Theo. Chem. Acc.},
	number = {5-6},
	pages = {765--779},
	title = {{The role of quantum chemistry in the elucidation of the elementary mechanisms of catalytic processes: From atoms, to surfaces, to enzymes}},
	volume = {117},
	year = {2007}
}
@article{Saha2007,
	author = {Saha, Soumen and Roy, Ram Kinkar},
	doi = {10.1021/jp070417s},
	isbn = {1520-6106},
	issn = {15206106},
	journal = {J. Phys. Chem. B},
	number = {32},
	pages = {9664--9674},
	pmid = {17658783},
	title = {{"One-into-many" model: An approach on DFT based reactivity descriptor to predict the regioselectivity of large systems}},
	volume = {111},
	year = {2007}
}
@article{Gal2011,
	author = {G{\'{a}}l, T and Geerlings, P and {De Proft}, F and Torrent-Sucarrat, M},
	doi = {10.1039/c1cp21213c},
	isbn = {1463-9076},
	issn = {1463-9084},
	journal = {Phys. Chem. Chem. Phys.},
	number = {33},
	pages = {15003--15},
	pmid = {21792396},
	title = {{A new approach to local hardness.}},
	url = {http://www.ncbi.nlm.nih.gov/pubmed/21792396},
	volume = {13},
	year = {2011}
}
@article{Fukushima2008,	
	author = {Fukushima, K. and Wada, M. and Sakurai, M.},
	doi = {10.1002/prot.21865},
	issn = {08873585},
	journal = {Proteins: Struct. Func.},
	number = {4},
	pages = {1940--1954},
	pmid = {18186466},
	title = {{An insight into the general relationship between the three dimensional structures of enzymes and their electronic wave functions: Implication for the prediction of functional sites of enzymes}},
	volume = {71},
	year = {2008}
}
@article{Stewart1996,
	author = {Stewart, James J.P.},
	doi = {10.1002/(SICI)1097-461X(1996)58:2<133::AID-QUA2>3.0.CO;2-Z},
	isbn = {0020-7608},
	issn = {00207608},
	journal = {Int. J. Quantum Chem.},
	number = {2},
	pages = {133--146},
	title = {{Application of localized molecular orbitals to the solution of semiempirical self-consistent field equations}},
	volume = {58},
	year = {1996}
}
@article{Ayers2000,
	author = {Ayers, Paul W. and Parr, Robert G.},
	doi = {10.1021/ja9924039},
	isbn = {0002-7863},
	issn = {00027863},
	journal = {J. Am. Chem. Soc.},
	number = {9},
	pages = {2010--2018},
	pmid = {13},
	title = {{Variational principles for describing chemical reactions: The Fukui function and chemical hardness revisited}},
	volume = {122},
	year = {2000}
}
@article{Pearson1990,
	author = {Pearson, Ralph G.},
	doi = {10.1016/0010-8545(90)85016-L},
	isbn = {0010-8545},
	issn = {00108545},
	journal = {Coord. Chem. Rev.},
	number = {C},
	pages = {403--425},
	pmid = {793},
	title = {{Hard and soft acids and bases-the evolution of a chemical concept}},
	volume = {100},
	year = {1990}
}
@article{Pearson1987,	
	author = {Pearson, Ralph G.},
	doi = {10.1021/ed064p561},
	isbn = {0021-9584},
	issn = {0021-9584},
	journal = {J. Chem. Educ.},
	number = {7},
	pages = {561},
	id = {801},
	title = {{Recent advances in the concept of hard and soft acids and bases}},
	volume = {64},
	year = {1987}
}
@article{Pearson1963,	
	author = {Pearson, Ralph G},
	journal = {J. Am. Chem. Soc.},
	number = {22},
	pages = {3533--3339},
	title = {{Hard and Soft Acids and Bases}},
	volume = {83},
	year = {1963}
}
@article{Pal1993,	
	author = {Pal, Sourav and Roy, Ramkinkar},
	isbn = {0022365419},
	journal = {J. Phys. Chem},
	pages = {4404--4406},
	title = {{Principle of Maximum Hardness: An ab-Initio Study}},
	volume = {97},
	year = {1993}
}
@article{klopman1968,
	title={Chemical reactivity and the concept of charge-and frontier-controlled reactions},
	author={Klopman, Gilles},
	journal={J. Am. Chem. Soc.},
	volume={90},
	number={2},
	pages={223--234},
	year={1968},
	publisher={ACS Publications}
}
@article{Li1995,
	author = {Li, Yan and Evans, Jeremy N. S.},
	doi = {10.1021/ja00134a021},
	isbn = {0002-7863},
	issn = {0002-7863},
	journal = {J. Am. Chem. Soc.},
	number = {29},
	pages = {7756--7759},
	pmid = {3140},
	title = {{The Fukui function: A key concept linking frontier molecular orbital theory and the hard-soft-acid-base principle}},
	volume = {117},
	year = {1995}
}
@article{Morell2005,
	title={New dual descriptor for chemical reactivity},
	author={Morell, Christophe and Grand, Andre and Toro-Labbe, Alejandro},
	journal={J. Phys. Chem. A},
	volume={109},
	number={1},
	pages={205--212},
	year={2005},
	publisher={ACS Publications}
}
@article{garza2006,
	title={Comparison between the frozen core and finite differences approximations for the generalized spin-dependent global and local reactivity descriptors in small molecules},
	author={Garza, Jorge and Vargas, Rubicelia and Cedillo, Andr{\'e}s and Galv{\'a}n, Marcelo and Chattaraj, Pratim Kumar},
	journal={Theo. Chem. Acc.},
	volume={115},
	number={4},
	pages={257--265},
	year={2006},
	publisher={Springer}
}
@article{Lee1988,
	author = {Lee, Chengteh and Yang, Weitao and Parr, Robert G.},
	doi = {10.1016/0166-1280(88)80397-X},
	isbn = {0166-1280},
	issn = {01661280},
	journal = {J. Mol. Struc. THEOCHEM},
	number = {C},
	pages = {305--313},
	title = {{Local softness and chemical reactivity in the molecules CO, SCN- and H2CO}},
	volume = {163},
	year = {1988}
}
@article{Langenaeker1990,	
	author = {Langenaeker, W and {De Decker}, M. and Geerlings, P and Raeymaekers, P},
	doi = {10.1016/0166-1280(90)85159-K},
	issn = {01661280},
	journal = {J. Mol. Struc. THEOCHEM},
	number = {1-2},
	pages = {115--130},
	pmid = {2537},
	title = {Quantum-chemical study of the Fukui function as a reactivity index: probing the acidity of bridging hydroxyls in zeolite-type model systems},
	volume = {207},
	year = {1990}
}
@article{Cedillo2012,
	author = {Cedillo, Andr{\'{e}}s and Contreras, Renato},
	issn = {1870249X},
	journal = {J. Mex. Chem. Soc.},
	number = {3},
	pages = {257--260},
	title = {{A local extension of the electrophilicity index concept}},
	volume = {56},
	year = {2012}
}
@article{Chattaraj2007,
	author = {Chattaraj, Pratim K. and Roy, Debesh R. and Geerlings, Paul and Torrent-Sucarrat, Miquel},
	doi = {10.1007/s00214-007-0373-8},
	isbn = {1432-881X},
	issn = {1432881X},
	journal = {Theo. Chem. Acc.},
	number = {5-6},
	pages = {923--930},
	title = {{Local hardness: A critical account}},
	volume = {118},
	year = {2007}
}
@article{Neidigh2002,
	doi = {10.1038/nsb798},
	file = {:home/igorchem/Downloads/nsb798.pdf:pdf},
	isbn = {1072-8368},
	issn = {10728368},
	journal = {Nat. Struct. Biol.},
	number = {6},
	pages = {425--430},
	pmid = {11979279},
	title = {{Designing a 20-residue protein}},
	volume = {9},
	year = {2002}
}
@article{van2005gromacs,
	title={GROMACS: fast, flexible, and free},
	author={Van Der Spoel, David and Lindahl, Erik and Hess, Berk and Groenhof, Gerrit and Mark, Alan E and Berendsen, Herman JC},
	journal={J. Comput Chem.},
	volume={26},
	number={16},
	pages={1701--1718},
	year={2005},
	publisher={Wiley Online Library}
}
@article{Olle1987,
	author = { Olle   Teleman  and  Bo   Jönsson  and  Sven   Engström },
	title = {A molecular dynamics simulation of a water model with intramolecular degrees of freedom},
	journal = {Mol. Phys.},
	volume = {60},
	number = {1},
	pages = {193-203},
	year  = {1987},
	publisher = {Taylor & Francis},
	doi = {10.1080/00268978700100141},
}
@article{Cornell1995,
	author = {Cornell, Wendy D. and Cieplak, Piotr and Bayly, Christopher I. and Gould, Ian R. and Merz, Kenneth M. and Ferguson, David M. and Spellmeyer, David C. and Fox, Thomas and Caldwell, James W. and Kollman, Peter A.},
	doi = {10.1021/ja00124a002},
	eprint = {z0024},
	isbn = {0120261464},
	issn = {0002-7863},
	journal = {J. Am. Chem. Soc.},
	number = {19},
	pages = {5179--5197},
	pmid = {14601413},
	title = {{A Second Generation Force Field for the Simulation of Proteins, Nucleic Acids, and Organic Molecules}},
	volume = {117},
	year = {1995}
}
@article{sandoval2018theoretical,
	title={A theoretical assessment of antioxidant capacity of flavonoids by means of local hyper--softness},
	author={Sandoval-Ya{\~n}ez, Claudia and Mascayano, Carolina and Mart{\'\i}nez-Araya, Jorge I},
	journal={Arabian journal of chemistry},
	volume={11},
	number={4},
	pages={554--563},
	year={2018},
	publisher={Elsevier}
}
@article{Schmidt1993,	
	author = {Schmidt, M W and Baldridge, K K and Boatz, J and Elbert, S and Gordon, M S and Jensen, J H and Koseki, S and Matsunaga, N and Nguyen, K A and Su, S and Windus, T L and Dupuis, M and Montgomery, J A},
	doi = {10.1002/jcc.540141112},
	isbn = {1096-987X},
	issn = {01928651},
	journal = {J. Comput. Chem.},
	number = {11},
	pages = {1347--1363},
	pmid = {1000442814},
	title = {{General atomic and molecular electronic structure system}},
	volume = {14},
	year = {1993}
} 
@article{Parthasarathi2004,
	author = {Parthasarathi, R. and Subramanian, V. and Roy, D. R. and Chattaraj, P. K.},
	doi = {10.1016/j.bmc.2004.08.013},
	isbn = {0442491158},
	issn = {09680896},
	journal = {Bioorganic Med. Chem.},
	keywords = {Biological activity descriptor,DFT,Electrophilicity,Estrogen,QSAR,Testosterone},
	number = {21},
	pages = {5533--5543},
	pmid = {15465330},
	title = {{Electrophilicity index as a possible descriptor of biological activity}},
	volume = {12},
	year = {2004}
}
@article{frau2017comparative,
	title={Comparative Study of the Chemical Reactivity of Helical Peptide Models for Protein Glycation},
	author={Frau, Juan and Glossman-Mitnik, Daniel},
	journal={Comput. Chem.},
	volume={5},
	number={02},
	pages={65},
	year={2017},
	publisher={Scientific Research Publishing}
}
@article{Gould2017,
	author = {Gould, Tim},
	doi = {10.1021/acs.jctc.7b00231},
	file = {:home/igorchem/.local/share/data/Mendeley Ltd./Mendeley Desktop/Downloaded/Gould - 2017 - What Makes a Density Functional Approximation Good Insights from the Left Fukui Function.pdf:pdf},
	issn = {15499626},
	journal = {J. Chem. Theory Comput.},
	number = {6},
	pages = {2373--2377},
	title = {{What Makes a Density Functional Approximation Good? Insights from the Left Fukui Function}},
	volume = {13},
	year = {2017}
}
@article{Rudberg2012,
	author = {Rudberg, Elias},
	doi = {10.1088/0953-8984/24/7/072202},
	issn = {0953-8984},
	journal = {J. Phys. Condens. Matter},
	number = {7},
	pages = {072202},
	pmid = {22223667},
	title = {{Difficulties in applying pure Kohn–Sham density functional theory electronic structure methods to protein molecules}},
	volume = {24},
	year = {2012}
}
@article{Rocha2006,
	author = {Rocha, Gerd B and Freire, Ricardo O and Simas, Alfredo M and Stewart, James J P},
	doi = {10.1002/jcc},
	file = {:home/igorchem/Downloads/rocha2006.pdf:pdf},
	keywords = {am1,pm3,pm5,rm1,semiempirical methods},
	title = {{RM1 : A Reparameterization of AM1 for H , C , N , O , P , S , F , Cl , Br , and I}},
	volume = {02},
	year = {2006},
	journal = {J. Comput. Chem.}
}
@article{dewar1985development,
	title={Development and use of quantum mechanical molecular models. 76. AM1: a new general purpose quantum mechanical molecular model},
	author={Dewar, Michael JS and Zoebisch, Eve G and Healy, Eamonn F and Stewart, James JP},
	journal={J. Am. Chem. Soc.},
	volume={107},
	number={13},
	pages={3902--3909},
	year={1985},
	publisher={ACS Publications}
}
@article{repasky2002pddg,
	title={PDDG/PM3 and PDDG/MNDO: improved semiempirical methods},
	author={Repasky, Matthew P and Chandrasekhar, Jayaraman and Jorgensen, William L},
	journal={J. Computational Chem.},
	volume={23},
	number={16},
	pages={1601--1622},
	year={2002},
	publisher={Wiley Online Library}
}
@article{stewart2007optimization,
	title={Optimization of parameters for semiempirical methods V: modification of NDDO approximations and application to 70 elements},
	author={Stewart, James JP},
	journal={J. Mol Model.},
	volume={13},
	number={12},
	pages={1173--1213},
	year={2007},
	publisher={Springer}
}
@article{stewart2013optimization,
	title={Optimization of parameters for semiempirical methods VI: more modifications to the NDDO approximations and re-optimization of parameters},
	author={Stewart, James JP},
	journal={J. Mol Model.},
	volume={19},
	number={1},
	pages={1--32},
	year={2013},
	publisher={Springer}
}
@article{Frau2017-2,
	author = {Frau, Juan and Ramis, Rafael and Glossman-Mitnik, Daniel},
	doi = {10.1007/s00214-017-2070-6},
	issn = {1432-881X},
	journal = {Theo. Chem. Acc.},
	number = {4},
	pages = {39},
	publisher = {Springer Berlin Heidelberg},
	title = {{Computational prediction of the preferred glycation sites of model helical peptides derived from human serum albumin (HSA) and lysozyme helix 4 (LH4)}},
	volume = {136},
	year = {2017}
}
@article{maia2012gpu,
	title={GPU linear algebra libraries and GPGPU programming for accelerating MOPAC semiempirical quantum chemistry calculations},
	author={Maia, Julio Daniel Carvalho and Urquiza Carvalho, Gabriel Aires and Mangueira Jr, Carlos Peixoto and Santana, Sidney Ramos and Cabral, Lucidio Anjos Formiga and Rocha, Gerd B},
	journal={J. Chem. Theory Comp.},
	volume={8},
	number={9},
	pages={3072--3081},
	year={2012},
	publisher={ACS Publications}
}
@article{Fedorov2012,	
	author = {Fedorov, Dmitri G. and Nagata, Takeshi and Kitaura, Kazuo},
	doi = {10.1039/c2cp23784a},
	isbn = {1463-9076},
	issn = {1463-9076},
	journal = {Phys. Chem. Chem. Phys.},
	number = {21},
	pages = {7562},
	pmid = {22410762},
	title = {{Exploring chemistry with the fragment molecular orbital method}},
	volume = {14},
	year = {2012}
}
@article{stewart2007,
	title={Stewart computational chemistry},
	author={Stewart, James JP},
	journal={http://openmopac. net/},
	year={2007},
	note={Acessed in november 2018}
}
@article{bultinck2005,
	title={Molecular quantum similarity: theory and applications},
	author={Bultinck, Patrick and Giron{\'e}s, Xavier and Carb{\'o}-Dorcaz, Ramon},
	journal={Rev. Comput Chem.},
	volume={21},
	pages={127--207},
	year={2005},
	publisher={Wiley Online Library}
}
@article{dewar1985,
	title={Development and use of quantum mechanical molecular models. 76. AM1: a new general purpose quantum mechanical molecular model},
	author={Dewar, Michael JS and Zoebisch, Eve G and Healy, Eamonn F and Stewart, James JP},
	journal={J Am. Chem. Soc.},
	volume={107},
	number={13},
	pages={3902--3909},
	year={1985},
	publisher={ACS Publications}
}
@article{klamt2015comprehensive,
	title={A comprehensive comparison of the IEFPCM and SS (V) PE continuum solvation methods with the COSMO approach},
	author={Klamt, A and Moya, C and Palomar, J},
	journal={Journal of chemical theory and computation},
	volume={11},
	number={9},
	pages={4220--4225},
	year={2015},
	publisher={ACS Publications}
}
@article{boon2001systematic,
	title={Systematic study of the quality of various quantum similarity descriptors. Use of the autocorrelation function and principal component analysis},
	author={Boon, Greet and Langenaeker, Wilfried and De Proft, Frank and De Winter, Hans and Tollenaere, Jan P and Geerlings, Paul},
	journal={The Journal of Physical Chemistry A},
	volume={105},
	number={38},
	pages={8805--8814},
	year={2001},
	publisher={ACS Publications}
}
@article{monzingo1992,
	title={X-ray analysis of substrate analogs in the ricin A-chain active site},
	author={Monzingo, Arthur F and Robertus, Jon D},
	journal={Journal of molecular biology},
	volume={227},
	number={4},
	pages={1136--1145},
	year={1992},
	publisher={Elsevier}
}
@article{pasha2008dft,
	title={DFT-based de novo QSAR of Phenoloxidase Inhibitors},
	author={Pasha, Farhan Ahmad and Muddassar, Muhhammad and Beg, Yakub and Cho, Seung Joo},
	journal={Chemical biology \& drug design},
	volume={71},
	number={5},
	pages={483--493},
	year={2008},
	publisher={Wiley Online Library}
}
@article{vreven2000,
	title={On the application of the IMOMO (integrated molecular orbital+ molecular orbital) method},
	author={Vreven, Thom and Morokuma, Keiji},
	journal={Journal of Computational Chemistry},
	volume={21},
	number={16},
	pages={1419--1432},
	year={2000},
	publisher={Wiley Online Library}
}
@article{pruitt2017,
	title={Mapping interaction energies in chorismate mutase with the fragment molecular orbital method},
	author={Pruitt, Spencer R and Steinmann, Casper},
	journal={The Journal of Physical Chemistry A},
	volume={121},
	number={8},
	pages={1797--1807},
	year={2017},
	publisher={ACS Publications}
}
@article{roos2009enzymatic,
	title={Enzymatic catalysis: the emerging role of conceptual density functional theory},
	author={Roos, Goedele and Geerlings, Paul and Messens, Joris},
	journal={The Journal of Physical Chemistry B},
	volume={113},
	number={41},
	pages={13465--13475},
	year={2009},
	publisher={ACS Publications}
}
@article{sham1996novel,
	title={A novel, picomolar inhibitor of human immunodeficiency virus type 1 protease},
	author={Sham, Hing L and Zhao, Chen and Stewart, Kent D and Betebenner, David A and Lin, Shuqun and Park, Chang H and Kong, Xiang-P and Rosenbrook, William and Herrin, Thomas and Madigan, Darold and others},
	journal={Journal of medicinal chemistry},
	volume={39},
	number={2},
	pages={392--397},
	year={1996},
	publisher={ACS Publications}
}
@article{sham1996,
	title={A novel, picomolar inhibitor of human immunodeficiency virus type 1 protease},
	author={Sham, Hing L and Zhao, Chen and Stewart, Kent D and Betebenner, David A and Lin, Shuqun and Park, Chang H and Kong, Xiang-P and Rosenbrook, William and Herrin, Thomas and Madigan, Darold and others},
	journal={Journal of medicinal chemistry},
	volume={39},
	number={2},
	pages={392--397},
	year={1996},
	publisher={ACS Publications}
}
@article{kaldor1997,
	title={Viracept (nelfinavir mesylate, AG1343): a potent, orally bioavailable inhibitor of HIV-1 protease},
	author={Kaldor, Stephen W and Kalish, Vincent J and Davies, Jay F and Shetty, Bhasker V and Fritz, James E and Appelt, Krzysztof and Burgess, Jeffrey A and Campanale, Kristina M and Chirgadze, Nickolay Y and Clawson, David K and others},
	journal={Journal of medicinal chemistry},
	volume={40},
	number={24},
	pages={3979--3985},
	year={1997},
	publisher={ACS Publications}
}
@article{ngo2017,
	title={Determination of the absolute binding free energies of HIV-1 protease inhibitors using non-equilibrium molecular dynamics simulations},
	author={Ngo, Son Tung and Nguyen, Minh Tung and Nguyen, Minh Tho},
	journal={Chemical Physics Letters},
	volume={676},
	pages={12--17},
	year={2017},
	publisher={Elsevier}
}
@article{ali2006,
	title={Discovery of HIV-1 protease inhibitors with picomolar affinities incorporating N-aryl-oxazolidinone-5-carboxamides as novel P2 ligands},
	author={Ali, Akbar and Reddy, GS Kiran Kumar and Cao, Hong and Anjum, Saima Ghafoor and Nalam, Madhavi NL and Schiffer, Celia A and Rana, Tariq M},
	journal={Journal of medicinal chemistry},
	volume={49},
	number={25},
	pages={7342--7356},
	year={2006},
	publisher={ACS Publications}
}
@article{reddy2007,
	title={Design and Synthesis of HIV-1 Protease Inhibitors Incorporating Oxazolidinones as P2/P2 ‘Ligands in Pseudosymmetric Dipeptide Isosteres},
	author={Reddy, GS Kiran Kumar and Ali, Akbar and Nalam, Madhavi NL and Anjum, Saima Ghafoor and Cao, Hong and Nathans, Robin S and Schiffer, Celia A and Rana, Tariq M},
	journal={Journal of medicinal chemistry},
	volume={50},
	number={18},
	pages={4316--4328},
	year={2007},
	publisher={ACS Publications}
}
@article{wang2007,
	title={Potent new antiviral compound shows similar inhibition and structural interactions with drug resistant mutants and wild type HIV-1 protease},
	author={Wang, Yuan-Fang and Tie, Yunfeng and Boross, Peter I and Tozser, Jozsef and Ghosh, Arun K and Harrison, Robert W and Weber, Irene T},
	journal={Journal of medicinal chemistry},
	volume={50},
	number={18},
	pages={4509--4515},
	year={2007},
	publisher={ACS Publications}
}
@article{ghosh2007,
	title={Design of HIV protease inhibitors targeting protein backbone: an effective strategy for combating drug resistance},
	author={Ghosh, Arun K and Chapsal, Bruno D and Weber, Irene T and Mitsuya, Hiroaki},
	journal={Accounts of chemical research},
	volume={41},
	number={1},
	pages={78--86},
	year={2007},
	publisher={ACS Publications}
}
@article{ali2010,
	title={Structure-based design, synthesis, and structure- activity relationship studies of HIV-1 protease inhibitors incorporating phenyloxazolidinones},
	author={Ali, Akbar and Reddy, GS Kiran Kumar and Nalam, Madhavi NL and Anjum, Saima Ghafoor and Cao, Hong and Schiffer, Celia A and Rana, Tariq M},
	journal={Journal of medicinal chemistry},
	volume={53},
	number={21},
	pages={7699--7708},
	year={2010},
	publisher={ACS Publications}
}
@article{shen2010,
	title={Amprenavir complexes with HIV-1 protease and its drug-resistant mutants altering hydrophobic clusters},
	author={Shen, Chen-Hsiang and Wang, Yuan-Fang and Kovalevsky, Andrey Y and Harrison, Robert W and Weber, Irene T},
	journal={The FEBS journal},
	volume={277},
	number={18},
	pages={3699--3714},
	year={2010},
	publisher={Wiley Online Library}
}
@article{nalam2013,
	title={Substrate envelope-designed potent HIV-1 protease inhibitors to avoid drug resistance},
	author={Nalam, Madhavi NL and Ali, Akbar and Reddy, GS Kiran Kumar and Cao, Hong and Anjum, Saima G and Altman, Michael D and Yilmaz, Nese Kurt and Tidor, Bruce and Rana, Tariq M and Schiffer, Celia A},
	journal={Chemistry \& biology},
	volume={20},
	number={9},
	pages={1116--1124},
	year={2013},
	publisher={Elsevier}
}
@article{schimer2015,
	title={Triggering HIV polyprotein processing by light using rapid photodegradation of a tight-binding protease inhibitor},
	author={Schimer, Ji{\v{r}}{\'\i} and P{\'a}vov{\'a}, Marcela and Anders, Maria and Pachl, Petr and {\v{S}}{\'a}cha, Pavel and C{\'\i}gler, Petr and Weber, Jan and Majer, Pavel and {\v{R}}ez{\'a}{\v{c}}ov{\'a}, Pavl{\'\i}na and Kr{\"a}usslich, Hans-Georg and others},
	journal={Nature communications},
	volume={6},
	pages={6461},
	year={2015},
	publisher={Nature Publishing Group}
}
@article{munshi1998,
	title={Rapid X-ray diffraction analysis of HIV-1 protease--inhibitor complexes: inhibitor exchange in single crystals of the bound enzyme},
	author={Munshi, Sanjeev and Chen, Zhongguo and Li, Ying and Olsen, David B and Fraley, Mark E and Hungate, Randall W and Kuo, Lawrence C},
	journal={Acta Crystallographica Section D: Biological Crystallography},
	volume={54},
	number={5},
	pages={1053--1060},
	year={1998},
	publisher={International Union of Crystallography}
}
@article{miller2006,
	title={Ultra-potent P1 modified arylsulfonamide HIV protease inhibitors: the discovery of GW0385},
	author={Miller, John F and Andrews, C Webster and Brieger, Michael and Furfine, Eric S and Hale, Michael R and Hanlon, Mary H and Hazen, Richard J and Kaldor, Istvan and McLean, Ed W and Reynolds, David and others},
	journal={Bioorganic \& medicinal chemistry letters},
	volume={16},
	number={7},
	pages={1788--1794},
	year={2006},
	publisher={Elsevier}
}
@article{tie2007,
	title={Atomic resolution crystal structures of HIV-1 protease and mutants V82A and I84V with saquinavir},
	author={Tie, Yunfeng and Kovalevsky, Andrey Y and Boross, Peter and Wang, Yuan-Fang and Ghosh, Arun K and Tozser, Jozsef and Harrison, Robert W and Weber, Irene T},
	journal={Proteins: Structure, Function, and Bioinformatics},
	volume={67},
	number={1},
	pages={232--242},
	year={2007},
	publisher={Wiley Online Library}
}
@article{parai2012,
	title={Design, synthesis, and biological and structural evaluations of novel HIV-1 protease inhibitors to combat drug resistance},
	author={Parai, Maloy Kumar and Huggins, David J and Cao, Hong and Nalam, Madhavi NL and Ali, Akbar and Schiffer, Celia A and Tidor, Bruce and Rana, Tariq M},
	journal={Journal of medicinal chemistry},
	volume={55},
	number={14},
	pages={6328--6341},
	year={2012},
	publisher={ACS Publications}
}
@article{pm3,
	title={Optimization of parameters for semiempirical methods. III Extension of PM3 to Be, Mg, Zn, Ga, Ge, As, Se, Cd, In, Sn, Sb, Te, Hg, Tl, Pb, and Bi},
	author={Stewart, James JP},
	journal={Journal of computational chemistry},
	volume={12},
	number={3},
	pages={320--341},
	year={1991},
	publisher={Wiley Online Library}
}
@article{hornak2006,
	title={Comparison of multiple Amber force fields and development of improved protein backbone parameters},
	author={Hornak, Viktor and Abel, Robert and Okur, Asim and Strockbine, Bentley and Roitberg, Adrian and Simmerling, Carlos},
	journal={Proteins: Structure, Function, and Bioinformatics},
	volume={65},
	number={3},
	pages={712--725},
	year={2006},
	publisher={Wiley Online Library}
}
@article{wang2004am,
	title={Development and testing of a general amber force field},
	author={Wang, Junmei and Wolf, Romain M and Caldwell, James W and Kollman, Peter A and Case, David A},
	journal={Journal of computational chemistry},
	volume={25},
	number={9},
	pages={1157--1174},
	year={2004},
	publisher={Wiley Online Library}
}
@article{phillips2005sc,
	title={Scalable molecular dynamics with NAMD},
	author={Phillips, James C and Braun, Rosemary and Wang, Wei and Gumbart, James and Tajkhorshid, Emad and Villa, Elizabeth and Chipot, Christophe and Skeel, Robert D and Kale, Laxmikant and Schulten, Klaus},
	journal={Journal of computational chemistry},
	volume={26},
	number={16},
	pages={1781--1802},
	year={2005},
	publisher={Wiley Online Library}
}
@article{contreras1999direct,
	title={A direct evaluation of regional Fukui functions in molecules},
	author={Contreras, Renato R and Fuentealba, Patricio and Galv{\'a}n, Marcelo and P{\'e}rez, Patricia},
	journal={Chemical physics letters},
	volume={304},
	number={5-6},
	pages={405--413},
	year={1999},
	publisher={Elsevier}
}
@article{lopez1993,
	title={ANACAL: a program to carry out a configurational analysis of the wave function of reactive systems},
	author={L{\'o}pez, R and Men{\'e}ndez, MI and Su{\'a}rez, D and Sordo, TL and Sordo, JA},
	journal={Computer physics communications},
	volume={76},
	number={2},
	pages={235--249},
	year={1993},
	publisher={Elsevier}
}
@article{litfin2019,
	title={SPOT-peptide: Template-based prediction of peptide-binding proteins and peptide-binding sites},
	author={Litfin, Thomas and Yang, Yuedong and Zhou, Yaoqi},
	journal={Journal of chemical information and modeling},
	year={2019},
	publisher={ACS Publications}
}
@article{ribeiro2017atlas,
	title={Mechanism and Catalytic Site Atlas (M-CSA): a database of enzyme reaction mechanisms and active sites},
	author={Ribeiro, Ant{\'o}nio J M and Holliday, Gemma L and Furnham, Nicholas and Tyzack, Jonathan D and Ferris, Katherine and Thornton, Janet M},
	journal={Nucleic acids research},
	volume={46},
	number={D1},
	pages={D618--D623},
	year={2017},
	publisher={Oxford University Press}
}
@article{cedillo2012local,
	title={A local extension of the electrophilicity index concept},
	author={Cedillo, Andr{\'e}s and Contreras, Renato},
	journal={Journal of the Mexican Chemical Society},
	volume={56},
	number={3},
	pages={257--260},
	year={2012},
	publisher={Sociedad Qu{\'\i}mica de M{\'e}xico AC}
}
@article{parr1978elect,
	title={Electronegativity: the density functional viewpoint},
	author={Parr, Robert G and Donnelly, Robert A and Levy, Mel and Palke, William E},
	journal={The Journal of Chemical Physics},
	volume={68},
	number={8},
	pages={3801--3807},
	year={1978},
	publisher={AIP}
}
@article{parr1983absolute,
	title={Absolute hardness: companion parameter to absolute electronegativity},
	author={Parr, Robert G and Pearson, Ralph G},
	journal={Journal of the American Chemical Society},
	volume={105},
	number={26},
	pages={7512--7516},
	year={1983},
	publisher={ACS Publications}
}
@article{meneses2004proposal,
	title={A proposal for a new local hardness as selectivity index},
	author={Meneses, Lorena and Tiznado, William and Contreras, Renato and Fuentealba, Patricio},
	journal={Chemical physics letters},
	volume={383},
	number={1-2},
	pages={181--187},
	year={2004},
	publisher={Elsevier}
}
@article{gal2011new,
	title={A new approach to local hardness},
	author={Gal, T and Geerlings, P and De Proft, F and Torrent-Sucarrat, M},
	journal={Physical Chemistry Chemical Physics},
	volume={13},
	number={33},
	pages={15003--15015},
	year={2011},
	publisher={Royal Society of Chemistry}
}
@article{yang1984electron,
	title={Electron density, Kohn--Sham frontier orbitals, and Fukui functions},
	author={Yang, Weitao and Parr, Robert G and Pucci, R},
	journal={The Journal of Chemical Physics},
	volume={81},
	number={6},
	pages={2862--2863},
	year={1984},
	publisher={AIP}
}
@article{martinez2015dual,
	title={Why is the dual descriptor a more accurate local reactivity descriptor than Fukui functions?},
	author={Mart{\'\i}nez-Araya, Jorge Ignacio},
	journal={Journal of Mathematical Chemistry},
	volume={53},
	number={2},
	pages={451--465},
	year={2015},
	publisher={Springer}
}
@article{noorizadeh2013evaluation,
	title={Evaluation of absolute hardness: a new approach},
	author={Noorizadeh, Siamak and Parsa, Hadi},
	journal={The Journal of Physical Chemistry A},
	volume={117},
	number={5},
	pages={939--946},
	year={2013},
	publisher={ACS Publications}
}
@article{cardenas2011fukuipotential,
	title={The Fukui potential and the capacity of charge and the global hardness of atoms},
	author={C{\'a}rdenas, Carlos and Tiznado, William and Ayers, Paul W and Fuentealba, Patricio},
	journal={The Journal of Physical Chemistry A},
	volume={115},
	number={11},
	pages={2325--2331},
	year={2011},
	publisher={ACS Publications}
}
@article{padmanabhan2007electrophilicity,
	title={Electrophilicity-based charge transfer descriptor},
	author={Padmanabhan, J and Parthasarathi, R and Subramanian, V and Chattaraj, PK},
	journal={The Journal of Physical Chemistry A},
	volume={111},
	number={7},
	pages={1358--1361},
	year={2007},
	publisher={ACS Publications}
}
@article{padmanabhan2007multiphilic,
	title={Multiphilic descriptor for chemical reactivity and selectivity},
	author={Padmanabhan, J and Parthasarathi, R and Elango, M and Subramanian, V and Krishnamoorthy, BS and Gutierrez-Oliva, S and Toro-Labb{\'e}, A and Roy, DR and Chattaraj, PK},
	journal={The Journal of Physical Chemistry A},
	volume={111},
	number={37},
	pages={9130--9138},
	year={2007},
	publisher={ACS Publications}
}
@article{khandogin2003insights,
	title={Insights into the regioselectivity and RNA-binding affinity of HIV-1 nucleocapsid protein from linear-scaling quantum methods},
	author={Khandogin, Jana and Musier-Forsyth, Karin and York, Darrin M},
	journal={Journal of molecular biology},
	volume={330},
	number={5},
	pages={993--1004},
	year={2003},
	publisher={Elsevier}
}
@article{la2012computational,
	title={Computational insights into the role of the frontiers orbital in the chemistry of tridentate ligands},
	author={La Porta, FA and Giacoppo, JOS and Ramos, PH and Guerreiro, MC and Ramalho, TC},
	journal={American Journal of Chemistry},
	volume={2},
	number={5},
	pages={255--262},
	year={2012}
}
@article{torrent2008hardness,
	title={The hardness kernel as the basis for global and local reactivity indices},
	author={Torrent-Sucarrat, Miquel and Salvador, Pedro and Sol{\`a}, Miquel and Geerlings, Paul},
	journal={Journal of computational chemistry},
	volume={29},
	number={7},
	pages={1064},
	year={2008},
	publisher={John Wiley \& Sons, Ltd}
}
@article{pino2017proposal,
	title={Proposal of a simple and effective local reactivity descriptor through a topological analysis of an orbital-weighted fukui function},
	author={Pino-Rios, Ricardo and Ya{\~n}ez, Osvaldo and Inostroza, Diego and Ruiz, Lina and Cardenas, Carlos and Fuentealba, Patricio and Tiznado, William},
	journal={Journal of computational chemistry},
	volume={38},
	number={8},
	pages={481--488},
	year={2017},
	publisher={Wiley Online Library}
}
@article{grillo2020semiempirical,
	title={Semiempirical methods do Fukui functions: Unlocking a modeling framework for biosystems},
	author={Grillo, Igor Barden and Urquiza-Carvalho, Gabriel A and Chaves, Elton Jos{\'e} Ferreira and Rocha, Gerd Bruno},
	journal={Journal of Computational Chemistry},
	year={2020},
	publisher={Wiley Online Library}
}
@article{grillo2020elucidating,
	title={Elucidating Enzymatic Catalysis using Fast Quantum Chemical Descriptors},
	author={Grillo, Igor Barden and Urquiza-Carvalho, Gabriel and Bachega, Jos{\'e} Fernando Ruggiero and Rocha, Gerd Bruno},
	journal={Journal of Chemical Information and Modeling},
	year={2020},
	publisher={ACS Publications}
}
@article{mulholland2005modelling,
	title={Modelling enzyme reaction mechanisms, specificity and catalysis},
	author={Mulholland, Adrian J},
	journal={Drug discovery today},
	volume={10},
	number={20},
	pages={1393--1402},
	year={2005},
	publisher={Elsevier}
}
@article{geerlings2003conceptual,
	title={Conceptual density functional theory},
	author={Geerlings, Paul and De Proft, F and Langenaeker, W},
	journal={Chemical reviews},
	volume={103},
	number={5},
	pages={1793--1874},
	year={2003},
	publisher={ACS Publications}
}
@article{faver2010utility,
	title={Utility of the Hard/Soft Acid- Base Principle via the Fukui Function in Biological Systems},
	author={Faver, John and Merz Jr, Kenneth M},
	journal={Journal of chemical theory and computation},
	volume={6},
	number={2},
	pages={548--559},
	year={2010},
	publisher={ACS Publications}
}
@article{domingo2016applications,
	title={Applications of the conceptual density functional theory indices to organic chemistry reactivity},
	author={Domingo, Luis R and R{\'\i}os-Guti{\'e}rrez, Mar and P{\'e}rez, Patricia},
	journal={Molecules},
	volume={21},
	number={6},
	pages={748},
	year={2016},
	publisher={Multidisciplinary Digital Publishing Institute}
}
@article{sanchez2014introducing,
	title={Introducing “UCA-FUKUI” software: reactivity-index calculations},
	author={S{\'a}nchez-M{\'a}rquez, Jes{\'u}s and Zorrilla, David and S{\'a}nchez-Coronilla, Antonio and Desire{\'e}, M and Navas, Javier and Fern{\'a}ndez-Lorenzo, Concha and Alc{\'a}ntara, Rodrigo and Mart{\'\i}n-Calleja, Joaqu{\'\i}n},
	journal={Journal of molecular modeling},
	volume={20},
	number={11},
	pages={2492},
	year={2014},
	publisher={Springer}
}
@article{nath2016pyglobal,
	title={PyGlobal: A toolkit for automated compilation of DFT-based descriptors},
	author={Nath, Shilpa R and Kurup, Sudheer S and Joshi, Kaustubh A},
	journal={Journal of computational chemistry},
	volume={37},
	number={16},
	pages={1505--1510},
	year={2016},
	publisher={Wiley Online Library}
}
@article{de2010utilizing,
	title={Utilizing high performance computing for chemistry: parallel computational chemistry},
	author={De Jong, Wibe A and Bylaska, Eric and Govind, Niranjan and Janssen, Curtis L and Kowalski, Karol and M{\"u}ller, Thomas and Nielsen, Ida MB and van Dam, Hubertus JJ and Veryazov, Valera and Lindh, Roland},
	journal={Physical Chemistry Chemical Physics},
	volume={12},
	number={26},
	pages={6896--6920},
	year={2010},
	publisher={Royal Society of Chemistry}
}
@article{wang2004development,
	title={Development and testing of a general amber force field},
	author={Wang, Junmei and Wolf, Romain M and Caldwell, James W and Kollman, Peter A and Case, David A},
	journal={Journal of computational chemistry},
	volume={25},
	number={9},
	pages={1157--1174},
	year={2004},
	publisher={Wiley Online Library}
}
@article{stewart2013optimization,
	title={Optimization of parameters for semiempirical methods VI: more modifications to the NDDO approximations and re-optimization of parameters},
	author={Stewart, James JP},
	journal={Journal of molecular modeling},
	volume={19},
	number={1},
	pages={1--32},
	year={2013},
	publisher={Springer}
}
@article{fruchtl2000performance,
	title={Performance of mopac on parallel computers},
	author={Fr{\"u}chtl, HA and Nobes, Ross H and Bliznyuk, Andrei},
	journal={Journal of Molecular Structure: THEOCHEM},
	volume={506},
	number={1-3},
	pages={87--97},
	year={2000},
	publisher={Elsevier}
}
@article{catapang2020generation,
	title={On the generation of novel ligands for SARS-CoV-2 protease and ACE2 receptor via constrained graph variational autoencoders},
	author={Catapang, Jasper Kyle and Billones, Junie B},
	year={2020},
	publisher={ChemRxiv}
}
@article{chen2007probing,
	title={Probing the catalytic mechanism of bovine pancreatic deoxyribonuclease I by chemical rescue},
	author={Chen, Wei-Jung and Lai, Pei-Jun and Lai, Yu-Shen and Huang, Po-Tsang and Lin, Chai-Ching and Liao, Ta-Hsiu},
	journal={Biochemical and biophysical research communications},
	volume={352},
	number={3},
	pages={689--696},
	year={2007},
	publisher={Elsevier}
}
@article{leech1998re,
	title={Re-evaluating the Role of His-143 in the Mechanism of Type I Dehydroquinase from Escherichia coli Using Two-dimensional1H, 13C NMR},
	author={Leech, Andrew P and Boetzel, Ruth and McDonald, Colin and Shrive, Annette K and Moore, Geoffrey R and Coggins, John R and Sawyer, Lindsay and Kleanthous, Colin},
	journal={Journal of Biological Chemistry},
	volume={273},
	number={16},
	pages={9602--9607},
	year={1998},
	publisher={ASBMB}
}
@article{jakalian2002fast,
	title={Fast, efficient generation of high-quality atomic charges. AM1-BCC model: II. Parameterization and validation},
	author={Jakalian, Araz and Jack, David B and Bayly, Christopher I},
	journal={Journal of computational chemistry},
	volume={23},
	number={16},
	pages={1623--1641},
	year={2002},
	publisher={Wiley Online Library}
}
@article{furnham2014catalytic,
	title={The Catalytic Site Atlas 2.0: cataloging catalytic sites and residues identified in enzymes},
	author={Furnham, Nicholas and Holliday, Gemma L and de Beer, Tjaart AP and Jacobsen, Julius OB and Pearson, William R and Thornton, Janet M},
	journal={Nucleic acids research},
	volume={42},
	number={D1},
	pages={D485--D489},
	year={2014},
	publisher={Narnia}
}
@article{leech1998re,
	title={Re-evaluating the Role of His-143 in the Mechanism of Type I Dehydroquinase from Escherichia coli Using Two-dimensional1H, 13C NMR},
	author={Leech, Andrew P and Boetzel, Ruth and McDonald, Colin and Shrive, Annette K and Moore, Geoffrey R and Coggins, John R and Sawyer, Lindsay and Kleanthous, Colin},
	journal={Journal of Biological Chemistry},
	volume={273},
	number={16},
	pages={9602--9607},
	year={1998},
	publisher={ASBMB}
}
@article{benach20032,
	title={The 2.3-{\AA} crystal structure of the shikimate 5-dehydrogenase orthologue YdiB from Escherichia coli suggests a novel catalytic environment for an NAD-dependent dehydrogenase},
	author={Benach, Jordi and Lee, Insun and Edstrom, William and Kuzin, Alexandre P and Chiang, Yiwen and Acton, Thomas B and Montelione, Gaetano T and Hunt, John F},
	journal={Journal of Biological Chemistry},
	volume={278},
	number={21},
	pages={19176--19182},
	year={2003},
	publisher={ASBMB}
}
@article{kamerlin2010reply,
	title={Reply to Karplus: Conformational dynamics have no role in the chemical step},
	author={Kamerlin, Shina CL and Warshel, Arieh},
	journal={Proceedings of the National Academy of Sciences},
	volume={107},
	number={17},
	pages={E72--E72},
	year={2010},
	publisher={National Acad Sciences}
}
@incollection{weber2012reaction,
	title={Reaction intermediates discovered in crystal structures of enzymes},
	author={Weber, Irene T and Agniswamy, Johnson and Fu, Guoxing and Shen, Chen-Hsiang and Harrison, Robert W},
	booktitle={Advances in protein chemistry and structural biology},
	volume={87},
	pages={57--86},
	year={2012},
	publisher={Elsevier}
}
@article{Merz2014,
	author = {Merz, Kenneth M.},	
	isbn = {0001-4842},
	issn = {15204898},
	journal = {Acc. Chem. Res.},
	number = {9},
	pages = {2804--2811},
	pmid = {25099338},
	title = {{Using Quantum Mechanical Approaches to Study Biological Systems}},
	volume = {47},
	year = {2014}
}
@article{Geerlings2003,
	author = {Geerlings, P and {De Proft}, F and Langenaeker, W},
	doi = {10.1021/cr990029p},
	isbn = {0009-2665},
	issn = {0009-2665},
	journal = {Chem. Rev.},
	number = {5},
	pages = {1793--1873},
	title = {{Conceptual Density Functional Theory.}},
	volume = {103},
	year = {2003}
}
@article{Vela1990,
	author = {Vela, Alberto and G{\'{a}}zquez, Jos{\'{e}} L.},
	issn = {15205126},
	journal = {J. Am. Chem. Soc.},
	number = {4},
	pages = {1490--1492},
	title = {{A Relationship between the Static Dipole Polarizability, the Global Softness, and the Fukui Function}},
	volume = {112},
	year = {1990}
}
@article{Parr1978,
	author = {Parr, Robert G. and Donnelly, Robert a. and Levy, Mel and Palke, William E.},
	isbn = {00219606 (ISSN)},
	issn = {00219606},
	journal = {	J. Chem. Phys.},
	number = {8},
	pages = {3801--3807},
	pmid = {639},
	title = {{Electronegativity: The Density Functional Viewpoint}},
	volume = {68},
	year = {1978}
}
@article{Roy1998,
	author = {Roy, R K and Krishnamurti, S and Geerlings, P and Pal, S},
	journal = {J. Phys. Chem},
	number = {97},
	pages = {3746--3755},
	title = {{Local Softness and Hardness Based Reactivity Descriptors for Predicting Intra- and Intermolecular Reactivity Sequences: Carbonyl Compounds}},
	volume = {5639},
	year = {1998}
}
@article{Roy2010,
	author = {Roy, Ram Kinkar and Saha, Soumen},
	issn = {0260-1826},
	journal = {Annu. Rep. Prog. Chem., Sect. C: Phys. Chem.},
	pages = {118},
	title = {{Studies of Regioselectivity of Large Molecular Systems using DFT Based Reactivity Descriptors}},
	volume = {106},
	year = {2010}
}
@article{Ayers2000,
	author = {Ayers, Paul W. and Parr, Robert G.},
	isbn = {0002-7863},
	issn = {00027863},
	journal = {J. Am. Chem. Soc.},
	number = {9},
	pages = {2010--2018},
	pmid = {13},
	title = {{Variational Principles for Describing Chemical Reactions: The Fukui Function and Chemical Hardness Revisited}},
	volume = {122},
	year = {2000}
}
@article{Parr1984,
	author = {Parr, Robert G and Parr, Robert G and Yang, Weitao and Yang, Weitao},
	isbn = {0002-7863},
	issn = {0002-7863},
	journal = {J. Am. Chem. Soc.},
	number = {14},
	pages = {4049--4050},
	title = {{Density Functional Approach to the Frontier-Electron Theory of Chemical Reactivity}},
	volume = {106},
	year = {1984}
}
@article{Roos2003,	
	author = {Roos, G and Loverix, S and {De Proft}, F. and Wyns, L and Geerlings, P},
	doi = {10.1021/jp034376l},
	issn = {10895639},
	journal = {Journal of Physical Chemistry A},
	mendeley-groups = {MAIN/CDFT-bio,Disserta{\c{c}}{\~{a}}o/CDFT-BIO},
	number = {35},
	pages = {6828--6836},
	pmid = {2639},
	title = {{A computational and conceptual DFT study of the reactivity of anionic compounds: Implications for enzymatic catalysis}},
	volume = {107},
	year = {2003}
}
@article{Roos2004,
	author = {Roos, Goedele and Messens, Joris and Loverix, Stefan and Wyns, Lode and Geerlings, Paul},
	doi = {10.1021/jp0486550},
	isbn = {1520-6106},
	issn = {15206106},
	journal = {Journal of Physical Chemistry B},
	number = {44},
	pages = {17216--17225},
	title = {{A computational and conceptual DFT study on the michaelis complex of pI258 arsenate reductase. Structural aspects and activation of the electrophile and nucleophile}},
	volume = {108},
	year = {2004}
}
@article{Frau2017,	
	author = {Frau, Juan and Glossman-mitnik, Daniel},
	doi = {10.4236/cc.2017.52006},
	pages = {65--73},
	title = {{Comparative Study of the Chemical Reactivity of Helical Peptide Models for Protein Glycation}},
	year = {2017}
}
@article{Pearson1989,
	author = {Pearson, Ralph G.},
	isbn = {9788578110796},
	issn = {0022-3263},
	journal = {J. Org. Chem.},
	number = {6},
	pages = {1423--1430},
	pmid = {25246403},
	title = {{Absolute Electronegativity and Hardness: Applications to Organic Chemistry}},
	volume = {54},
	year = {1989}
}
@article{Domingo2016,
	author = {Domingo, Luis R. and R{\'{i}}os-Guti{\'{e}}rrez, Mar and P{\'{e}}rez, Patricia},
	isbn = {1420-3049},
	issn = {14203049},
	journal = {Molecules},
	number = {6},
	title = {{Applications of the Conceptual Density Functional Theory Indices to Organic Chemistry Reactivity}},
	volume = {21},
	year = {2016}
}
@article{Khandogin2004, 
	author = {Khandogin, Jana and York, Darrin M.},
	doi = {10.1002/prot.20171},
	isbn = {1097-0134 (Electronic)},
	issn = {08873585},
	journal = {Proteins: Struct. Funct.},
	number = {4},
	pages = {724--737},
	pmid = {15281126},
	title = {{Quantum descriptors for biological macromolecules from linear-scaling electronic structure methods}},
	volume = {56},
	year = {2004}
}
@article{sarkar2005,
	title={A conceptual DFT approach towards analysing toxicity},
	author={Sarkar, U and Roy, DR and Chattaraj, PK and Parthasarathi, R and Padmanabhan, J and Subramanian, V},
	journal={Journal of Chemical Sciences},
	volume={117},
	number={5},
	pages={599--612},
	year={2005},
	publisher={Springer}
}
@article{Merz2010,
	author = {Merz, Kenneth M. and Faver, John},
	doi = {10.1021/ct9005085},
	isbn = {1549-9618},
	issn = {15499618},
	journal = {J. Chem. Theory Comput.},
	number = {2},
	pages = {548--559},
	pmid = {20369029},
	title = {{Utility of the hard/soft acid-base principle via the fukui function in biological systems}},
	volume = {6},
	year = {2010}
}
@article{Geerlings2003,
	author = {Geerlings, P and {De Proft}, F and Langenaeker, W},
	doi = {10.1021/cr990029p},
	isbn = {0009-2665},
	issn = {0009-2665},
	journal = {Chem. rev.},
	number = {5},
	pages = {1793--1873},
	pmid = {12744694},
	title = {{Conceptual density functional theory.}},
	volume = {103},
	year = {2003}
}
@article{Pearson1987,	
	author = {Pearson, Ralph G.},
	isbn = {0021-9584},
	issn = {0021-9584},
	journal = {J. Chem. Educ.},
	number = {7},
	pages = {561},
	pmid = {801},
	title = {{Recent Advances in the Concept of Hard and Soft Acids and Bases}},
	volume = {64},
	year = {1987}
}
@article{torrent2008,
	title={Do the local softness and hardness indicate the softest and hardest regions of a molecule?},
	author={Torrent-Sucarrat, Miquel and De Proft, Frank and Geerlings, Paul and Ayers, Paul W},
	journal={Chemistry--A European Journal},
	volume={14},
	number={28},
	pages={8652--8660},
	year={2008},
	publisher={Wiley Online Library}
}
@article{saito2012,
	title={Peptide-Conjugated Pterins as Inhibitors of Ricin Toxin A},
	author={Saito, Ryota and Pruet, Jeff M and Manzano, Lawrence A and Jasheway, Karl and Monzingo, Arthur F and Wiget, Paul A and Kamat, Ishan and Anslyn, Eric V and Robertus, Jon D},
	journal={J. of Med. Chem.},
	volume={56},
	number={1},
	pages={320--329},
	year={2012},
	publisher={ACS Publications}
}
@article{pruet2012,
	title={Optimized 5-membered heterocycle-linked pterins for the inhibition of ricin toxin A},
	author={Pruet, Jeff M and Saito, Ryota and Manzano, Lawrence A and Jasheway, Karl R and Wiget, Paul A and Kamat, Ishan and Anslyn, Eric V and Robertus, Jon D},
	journal={ACS medicinal chemistry letters},
	volume={3},
	number={7},
	pages={588--591},
	year={2012},
	publisher={ACS Publications}
}
@article{wiget2013,
	title={Sulfur incorporation generally improves Ricin inhibition in pterin-appended glycine-phenylalanine dipeptide mimics},
	author={Wiget, Paul A and Manzano, Lawrence A and Pruet, Jeff M and Gao, Grace and Saito, Ryota and Monzingo, Arthur F and Jasheway, Karl R and Robertus, Jon D and Anslyn, Eric V},
	journal={Bioorganic \& medicinal chemistry letters},
	volume={23},
	number={24},
	pages={6799--6804},
	year={2013},
	publisher={Elsevier}
}
@article{Pruet2011,
	author = {Pruet, Jeff M. and Jasheway, Karl R. and Manzano, Lawrence A. and Bai, Yan and Anslyn, Eric V. and Robertus, Jon D.},
	journal = {European Journal of Medicinal Chemistry},
	number = {9},
	pages = {3608--3615},
	publisher = {Elsevier Masson SAS},
	title = {{7-Substituted pterins provide a new direction for ricin A chain inhibitors}},
	volume = {46},
	year = {2011}
}
@article{stewart2013optimization,
	title={Optimization of Parameters for Semiempirical Methods VI: More Modifications to the NDDO Approximations and Re-optimization of Parameters},
	author={Stewart, James JP},
	journal={J. Mol Model.},
	volume={19},
	number={1},
	pages={1--32},
	year={2013},
	publisher={Springer}
}
@article{maia2012gpu,
	title={GPU linear Algebra Libraries and GPGPU Programming for Accelerating MOPAC Semiempirical Quantum Chemistry Calculations},
	author={Maia, Julio Daniel Carvalho and Urquiza Carvalho, Gabriel Aires and Mangueira Jr, Carlos Peixoto and Santana, Sidney Ramos and Cabral, Lucidio Anjos Formiga and Rocha, Gerd B},
	journal={J. Chem. Theory Comp.},
	volume={8},
	number={9},
	pages={3072--3081},
	year={2012},
	publisher={ACS Publications}
}
@article{Parr1984-2,
	author = {Parr, Robert G and Parr, Robert G and Yang, Weitao and Yang, Weitao},
	doi = {doi: 10.1021/ja00326a036},
	isbn = {0002-7863},
	issn = {0002-7863},
	journal = {J. Am. Chem. Soc.},
	number = {14},
	pages = {4049--4050},
	title = {{Density functional approach to the frontier-electron theory of chemical reactivity}},
	volume = {106},
	year = {1984}
}
@article{Sanchez-Marquez2018,
	author = {S{\'{a}}nchez-M{\'{a}}rquez, Jes{\'{u}}s and Zorrilla, David and Garc{\'{i}}a, V{\'{i}}ctor and Fern{\'{a}}ndez, Manuel},
	journal = {Mol. Phys.},
	number = {13},
	pages = {1737--1748},
	title = {{Introducing a New Methodology for the Calculation of Local Philicity and Multiphilic Descriptor: an Alternative to the Finite Difference Approximation}},
	volume = {116},
	year = {2018}
}
@article{Fukushima2008,	
	author = {Fukushima, K. and Wada, M. and Sakurai, M.},
	doi = {10.1002/prot.21865},
	issn = {08873585},
	journal = {Proteins: Struct. Func.},
	number = {4},
	pages = {1940--1954},
	title = {{An Insight into the General Relationship Between the Three Dimensional Structures of Enzymes and Their Electronic Wave Functions: Implication for the Prediction of Functional Sites of Enzymes}},
	volume = {71},
	year = {2008}
}
@article{Torrent-Sucarrat2010,
	author = {Torrent-Sucarrat, M and {De Proft}, F and Ayers, P W and Geerlings, P},	
	journal = {Phys. Chem. Chem. Phys.},
	number = {5},
	pages = {1072--1080},
	title = {{On the Applicability of Local Softness and Hardness.}},
	volume = {12},
	year = {2010}
}
@article{roos2010,
	title={Enzymatic Catalysis: the Emerging Role of Conceptual Density Functional Theory},
	author={Roos, Goedele and Geerlings, Paul and Messens, Joris},
	journal={J. Phys. Chem. B},
	volume={113},
	number={41},
	pages={13465--13475},
	year={2009},
	publisher={ACS Publications}
}
@article{ribeiro2017mechanism,
	title={Mechanism and Catalytic Site Atlas (M-CSA): a Database of Enzyme Reaction Mechanisms and Active Sites},
	author={Ribeiro, Ant{\'o}nio J M and Holliday, Gemma L and Furnham, Nicholas and Tyzack, Jonathan D and Ferris, Katherine and Thornton, Janet M},
	journal={Nucleic Acids Res.},
	volume={46},
	number={D1},
	pages={D618--D623},
	year={2017},
	publisher={Oxford University Press}
}
@article{meneses2004proposal,
	title={A Proposal for a New Local Hardness as Selectivity Index},
	author={Meneses, Lorena and Tiznado, William and Contreras, Renato and Fuentealba, Patricio},
	journal={Chem. Phys. Let.},
	volume={383},
	number={1-2},
	pages={181--187},
	year={2004},
	publisher={Elsevier}
}
@article{korchowiec1998charge,
	title={The Charge Transfer Fukui Function: Extension of the Finite-Difference Approach to Reactive Systems},
	author={Korchowiec, Jacek and Uchimaru, Tadafumi},
	journal={J. Phys. Chem. A},
	volume={102},
	number={49},
	pages={10167--10172},
	year={1998},
	publisher={ACS Publications}
}
@article{van2013combined,
	title={Combined Quantum Mechanics/Molecular Mechanics (QM/MM) Methods in Computational Enzymology},
	author={Van Der Kamp, Marc W and Mulholland, Adrian J},
	journal={Biochemistry},
	volume={52},
	number={16},
	pages={2708--2728},
	year={2013},
	publisher={ACS Publications}
}
@article{martins2016modeling,
	title={Modeling of Laccase Inhibition by Formetanate Pesticide using Theoretical Approaches},
	author={Martins, Ana CV and Ribeiro, Francisco WP and Zanatta, Geancarlo and Freire, Valder N and Morais, Simone and de Lima-Neto, Pedro and Correia, Adriana N},
	journal={Bioelectrochemistry},
	volume={108},
	pages={46--53},
	year={2016},
	publisher={Elsevier}
}
@article{roos2009thioredoxin,
	title={How Thioredoxin Dissociates its Mixed Disulfide},
	author={Roos, Goedele and Foloppe, Nicolas and Van Laer, Koen and Wyns, Lode and Nilsson, Lennart and Geerlings, Paul and Messens, Joris},
	journal={PLoS computational biology},
	volume={5},
	number={8},
	pages={e1000461},
	year={2009},
	publisher={Public Library of Science}
}
@article{thiel2014semiempirical,
	title={Semiempirical quantum--chemical methods},
	author={Thiel, Walter},
	journal={Wiley Interdisciplinary Reviews: Computational Molecular Science},
	volume={4},
	number={2},
	pages={145--157},
	year={2014},
	publisher={Wiley Online Library}
}
@article{raha2007role,
	title={The Role of Quantum Mechanics in Structure-Based Drug Design},
	author={Raha, Kaushik and Peters, Martin B and Wang, Bing and Yu, Ning and Wollacott, Andrew M and Westerhoff, Lance M and Merz Jr, Kenneth M},
	journal={Drug discovery today},
	volume={12},
	number={17-18},
	pages={725--731},
	year={2007},
	publisher={Elsevier}
}
@article{li1996hard,
	title={The Hard-Soft Acid-Base Principle in Enzymatic Catalysis: Dual Reactivity of Phosphoenolpyruvate},
	author={Li, Yan and Evans, JN},
	journal={	Proc. Natl. Acad. Sci. U. S. A.},
	volume={93},
	number={10},
	pages={4612--4616},
	year={1996},
	publisher={National Acad Sciences}
}
@article{roos2003computational,
	title={A Computational and Conceptual DFT Study of the Reactivity of Anionic Compounds: Implications for Enzymatic Catalysis},
	author={Roos, G and Loverix, S and De Proft, F and Wyns, L and Geerlings, P},
	journal={J. Phys. Chem. A},
	volume={107},
	number={35},
	pages={6828--6836},
	year={2003},
	publisher={ACS Publications}
}
@article{geerlings2003conceptual,
	title={Conceptual Density Functional Theory},
	author={Geerlings, Paul and De Proft, F and Langenaeker, W},
	journal={Chem. Rev.},
	volume={103},
	number={5},
	pages={1793--1874},
	year={2003},
	publisher={ACS Publications}
}
@article{pearson1987recent,
	title={Recent Advances in the Concept of Hard and Soft Acids and Bases},
	author={Pearson, Ralph G},
	journal={J. of Chem. Edu.},
	volume={64},
	number={7},
	pages={561},
	year={1987},
	publisher={ACS Publications}
}
@incollection{fukui1970theory,
	title={Theory of Orientation and Stereoselection},
	author={Fukui, Kenichi},
	booktitle={Orientation and Stereoselection},
	pages={1--85},
	year={1970},
	publisher={Springer}
}
@article{khandogin2004quantum,
	title={Quantum Descriptors for Biological Macromolecules from Linear-Scaling Electronic Structure Methods},
	author={Khandogin, Jana and York, Darrin M},
	journal={Proteins: Struct., Funct., Bioinf.},
	volume={56},
	number={4},
	pages={724--737},
	year={2004},
	publisher={Wiley Online Library}
}
@article{bachega2013gtkdynamo,
	title={GTKDynamo: A PyMOL Plug-in for QC/MM Hybrid Potential Simulations},
	author={Bachega, Jos{\'e} Fernando R and Timmers, Luis Fernando SM and Assirati, Lucas and Bachega, Leonardo R and Field, Martin J and Wymore, Troy},
	journal={J. Comp. Chem.},
	volume={34},
	number={25},
	pages={2190--2196},
	year={2013},
	publisher={Wiley Online Library}
}
@article{melo2018namd,
	title={NAMD Goes Quantum: An Integrative Suite for QM/MM Simulations},
	author={Melo, Marcelo CR and Bernardi, Rafael C and Rudack, Till and Scheurer, Maximilian and Riplinger, Christoph and Phillips, James C and Maia, Julio DC and Rocha, Gerd B and Ribeiro, Jo{\~a}o V and Stone, John E and others},
	journal={Nat. methods},
	volume={15},
	number={5},
	pages={351},
	year={2018},
	publisher={NIH Public Access}
}
@article{lonsdale2010computational,
	title={Computational Enzymology},
	author={Lonsdale, Richard and Ranaghan, Kara E and Mulholland, Adrian J},
	journal={Chem Commun (Camb).},
	volume={46},
	number={14},
	pages={2354--2372},
	year={2010},
	publisher={Royal Society of Chemistry}
}
@article{mulholland2005modelling,
	title={Modelling Enzyme Reaction Mechanisms, Specificity and Catalysis},
	author={Mulholland, Adrian J},
	journal={Drug discovery today},
	volume={10},
	number={20},
	pages={1393--1402},
	year={2005},
	publisher={Elsevier}
}
@article{domingo2016molecular,
	title={Molecular Electron Density Theory: a Modern View of Reactivity in Organic Chemistry},
	author={Domingo, Luis},
	journal={Molecules},
	volume={21},
	number={10},
	pages={1319},
	year={2016},
	publisher={Multidisciplinary Digital Publishing Institute}
}
@article{parr1983absolute,
	title={Absolute Hardness: Companion Parameter to Absolute Electronegativity},
	author={Parr, Robert G and Pearson, Ralph G},
	journal={J. Am. Chem. Soc.},
	volume={105},
	number={26},
	pages={7512--7516},
	year={1983},
	publisher={ACS Publications}
}
@article{yang1984electron,
	title={Electron Density Kohn--Sham Frontier Orbitals and Fukui functions},
	author={Yang, Weitao and Parr, Robert G and Pucci, R},
	journal={J. Chem. Phys.},
	volume={81},
	number={6},
	pages={2862--2863},
	year={1984},
	publisher={AIP}
}
@article{cardenas2011fukui,
	title={The Fukui Potential and the Capacity of Charge and the Global Hardness of Atoms},
	author={C{\'a}rdenas, Carlos and Tiznado, William and Ayers, Paul W and Fuentealba, Patricio},
	journal={J. Phys. Chem. A},
	volume={115},
	number={11},
	pages={2325--2331},
	year={2011},
	publisher={ACS Publications}
}
@article{chattaraj2007local,
	title={Local hardness: a Critical Account},
	author={Chattaraj, Pratim K and Roy, Debesh R and Geerlings, Paul and Torrent-Sucarrat, Miquel},
	journal={Theo. Chem. Acc.},
	volume={118},
	number={5-6},
	pages={923--930},
	year={2007},
	publisher={Springer}
}
@article{torrent2008local,
	title={Do the Local Softness and Hardness Indicate the Softest and Hardest Regions of a Molecule?},
	author={Torrent-Sucarrat, Miquel and De Proft, Frank and Geerlings, Paul and Ayers, Paul W},
	journal={Chem. - Eur. J.},
	volume={14},
	number={28},
	pages={8652--8660},
	year={2008},
	publisher={Wiley Online Library}
}
@article{field2008pdynamo,
	title={The pDynamo Program for Molecular Simulations Using Hybrid Quantum Chemical and Molecular Mechanical Potentials},
	author={Field, Martin J},
	journal={J. Chem. Theory Comp.},
	volume={4},
	number={7},
	pages={1151--1161},
	year={2008},
	publisher={ACS Publications}
}
@article{schumacher2000crystal,
	title={Crystal Structures of Toxoplasma Gondii Adenosine Kinase Reveal a Novel Catalytic Mechanism and Prodrug Binding},
	author={Schumacher, Maria A and Scott, Daniel M and Mathews, Iripam I and Ealick, Steven E and Roos, David S and Ullman, Buddy and Brennan, Richard G},
	journal={J. Mol. Biol.},
	volume={296},
	number={2},
	pages={549--567},
	year={2000},
	publisher={Elsevier}
}
@article{richard2012paradigm,
	title={A Paradigm for Enzyme-Catalyzed Proton Transfer at Carbon: Triosephosphate Isomerase},
	author={Richard, John P},
	journal={Biochemistry},
	volume={51},
	number={13},
	pages={2652--2661},
	year={2012},
	publisher={ACS Publications}
}
@article{kuty1998molecular,
	title={A Molecular Modeling Study of the Catalytic Mechanism of Haloalkane Dehalogenase. Quantum Chemical Study of Complete Reaction Mechanism},
	author={Kut{\`y}, Michal and Damborsk{\`y}, Ji{\v{r}}{\'\i} and Prokop, Martin and Koca, Jaroslav},
	journal={J. Chem. Inf. Model.},
	volume={38},
	number={4},
	pages={736--741},
	year={1998},
	publisher={ACS Publications}
}
@article{razeto2002domain,
	title={Domain Closure, Substrate Specificity and Catalysis of D-lactate Dehydrogenase from Lactobacillus Bulgaricus},
	author={Razeto, Adelia and Kochhar, Sunil and Hottinger, Herbert and Dauter, Miroslava and Wilson, Keith S and Lamzin, Victor S},
	journal={J. Mol. Biol.},
	volume={318},
	number={1},
	pages={109--119},
	year={2002},
	publisher={Elsevier}
}
@article{guallar2004computational,
	title={Computational Modeling of the Catalytic Reaction in Triosephosphate Isomerase},
	author={Guallar, Victor and Jacobson, Matt and McDermott, Ann and Friesner, Richard A},
	journal={J. Mol. Biol.},
	volume={337},
	number={1},
	pages={227--239},
	year={2004},
	publisher={Elsevier}
}
@article{cui2002quantum,
	title={Quantum Mechanic Molecular Mechanics Studies of Triosephosphate Isomerase-Catalyzed Reactions: Effect of Geometry and Tunneling on Proton-Transfer Rate Constants},
	author={Cui, Qiang and Karplus, Martin},
	journal={J. Am. Chem. Soc.},
	volume={124},
	number={12},
	pages={3093--3124},
	year={2002},
	publisher={ACS Publications}
}
@article{pal1993principle,
	title={Principle of Maximum Hardness: An Accurate Ab Initio Study},
	author={Pal, Sourav and Vaval, Nayana and Roy, Ramkinkar},
	journal={J. Phys. Chem.},
	volume={97},
	number={17},
	pages={4404--4406},
	year={1993},
	publisher={ACS Publications}
}
@article{damborsky1997molecular,
	title={A Molecular Modeling Study of the Catalytic Mechanism of Haloalkane Dehalogenase: Quantum Chemical Study of the First Reaction Step},
	author={Damborsk{\`y}, Ji{\v{r}}{\'\i} and Kut{\`y}, Michal and N{\v{e}}mec, Miroslav and Koca, Jaroslav},
	journal={J. Chem. Info. Comput. Scienc.},
	volume={37},
	number={3},
	pages={562--568},
	year={1997},
	publisher={ACS Publications}
}
@article{marti2004theoretical,
	title={Theoretical Insights in Enzyme Catalysis},
	author={Mart{\'\i}, Sergio and Roca, Maite and Andr{\'e}s, Juan and Moliner, Vicent and Silla, Estanislao and Tu{\~n}{\'o}n, I{\~n}aki and Bertr{\'a}n, Juan},
	journal={Chem. Soc. Rev},
	volume={33},
	number={2},
	pages={98--107},
	year={2004},
	publisher={Royal Society of Chemistry}
}
@article{warshel2006electrostatic,
	title={Electrostatic Basis for Enzyme Catalysis},
	author={Warshel, Arieh and Sharma, Pankaz K and Kato, Mitsunori and Xiang, Yun and Liu, Hanbin and Olsson, Mats HM},
	journal={Chem. Rev.},
	volume={106},
	number={8},
	pages={3210--3235},
	year={2006},
	publisher={ACS Publications}
}
@article{kennes1995replacement,
	title={Replacement of Tryptophan Residues in Haloalkane Dehalogenase Reduces Halide Binding and Catalytic Activity},
	author={Kennes, Christian and Pries, Frens and Krooshof, Geja H and Bokma, Evert and Kingma, Jaap and Janssen, Dick B},
	journal={Eur. J. Biochem.},
	volume={228},
	number={2},
	pages={403--407},
	year={1995},
	publisher={Wiley Online Library}
}
@misc{villa2001energetics,
	title={Energetics and Dynamics of Enzymatic Reactions},
	author={Villa, Jordi and Warshel, Arieh},
	year={2001},
	Journal={J. Phys. Chem. B},
	volume={105},
	number={33},
	pages={7887--77907},
	year={1995},
	publisher={ACS Publications}
}
@article{maj2002pentavalent,
	title={Pentavalent Ions Dependency is a Conserved Property of Adenosine Kinase from Diverse Sources: Identification of a Novel Motif Implicated in Phosphate and Magnesium Ion Binding and Substrate Inhibition},
	author={Maj, Mary C and Singh, Bhag and Gupta, Radhey S},
	journal={Biochemistry},
	volume={41},
	number={12},
	pages={4059--4069},
	year={2002},
	publisher={ACS Publications}
}
@article{kowaluk2000therapeutic,
	title={Therapeutic Potential of Adenosine Kinase Inhibitors},
	author={Kowaluk, Elizabeth A and Jarvis, Michael F},
	journal={Expert Opin. Invest. Drugs},
	volume={9},
	number={3},
	pages={551--564},
	year={2000},
	publisher={Taylor \& Francis}
}
@article{martinez2015dual,
	title={Why is the Dual Descriptor a More Accurate Local Reactivity Descriptor Than Fukui Functions?},
	author={Mart{\'\i}nez-Araya, Jorge Ignacio},
	journal={J  Math. Chem.},
	volume={53},
	number={2},
	pages={451--465},
	year={2015},
	publisher={Springer}
}
@article{stewart2007,
	title={Stewart Computational Chemistry},
	author={Stewart, James JP},
	journal={http://openmopac. net/},
	year={2007},
	note={Acessed in September 2019}
}
@article{dewar1985,
	title={Development and Use of Quantum Mechanical Molecular Models. AM1: a New General Purpose Quantum Mechanical Molecular Model},
	author={Dewar, Michael JS and Zoebisch, Eve G and Healy, Eamonn F and Stewart, James JP},
	journal={J Am. Chem. Soc.},
	volume={107},
	number={13},
	pages={3902--3909},
	year={1985},
	publisher={ACS Publications}
}
@article{Rocha2006,
	author = {Rocha, Gerd B and Freire, Ricardo O and Simas, Alfredo M and Stewart, James J P},
	title = {{RM1 : A Reparameterization of AM1 for H , C , N , O , P , S , F , Cl , Br , and I}},
	volume = {02},
	year = {2006},
	journal = {J. Comput. Chem.}
}
@article{pm3,
	title={Optimization of Parameters for Semiempirical Methods. III Extension of PM3 to Be, Mg, Zn, Ga, Ge, As, Se, Cd, In, Sn, Sb, Te, Hg, Tl, Pb, and Bi},
	author={Stewart, James JP},
	journal={J. Comput. Chem.},
	volume={12},
	number={3},
	pages={320--341},
	year={1991},
	publisher={Wiley Online Library}
}
@article{stewart2007optimization,
	title={Optimization of parameters for semiempirical methods V: modification of NDDO approximations and application to 70 elements},
	author={Stewart, James JP},
	journal={J. Mol Model.},
	volume={13},
	number={12},
	pages={1173--1213},
	year={2007},
	publisher={Springer}
}
@article{stewart2013optimization,
	title={Optimization of parameters for semiempirical methods VI: more modifications to the NDDO approximations and re-optimization of parameters},
	author={Stewart, James JP},
	journal={J. Mol Model.},
	volume={19},
	number={1},
	pages={1--32},
	year={2013},
	publisher={Springer}
}
@incollection{berman2003protein,
	title={The Protein Data Bank},
	author={Berman, Helen M and Bourne, Philip E and Westbrook, John and Zardecki, Christine},
	booktitle={Prot. Struc.},
	pages={394--410},
	chapter={14},
	year={2003},
	publisher={CRC Press}
}
@article{wang2004development,
	title={Development and Testing of a General Amber Force Field},
	author={Wang, Junmei and Wolf, Romain M and Caldwell, James W and Kollman, Peter A and Case, David A},
	journal={J. Comput Chem.},
	volume={25},
	number={9},
	pages={1157--1174},
	year={2004},
	publisher={Wiley Online Library}
}
@article{gal2011new,
	title={A New Approach to Local Hardness},
	author={Gal, T and Geerlings, P and De Proft, F and Torrent-Sucarrat, M},
	journal={Phys. Chem. Chem. Phys.},
	volume={13},
	number={33},
	pages={15003--15015},
	year={2011},
	publisher={Royal Society of Chemistry}
}
@article{albery1976free,
	title={Free-Energy Profile for the Reaction Catalyzed by Triosephosphate Isomerase},
	author={Albery, W John and Knowles, Jeremy R},
	journal={Biochemistry},
	volume={15},
	number={25},
	pages={5627--5631},
	year={1976},
	publisher={ACS Publications}
}
@article{mcclory2019catalytic,
	title={Catalytic Mechanism of Mevalonate Kinase Revisited, a QM/MM study},
	author={McClory, James and Lin, Jun-Tang and Timson, David J and Zhang, Jian and Huang, Meilan},
	journal={Org. biomol. Chem.},
	volume={17},
	number={9},
	pages={2423--2431},
	year={2019},
	publisher={Royal Society of Chemistry}
}
@article{harris1998proton,
	title={Proton transfer in the mechanism of triosephosphate isomerase},
	author={Harris, Thomas K and Cole, Robert N and Comer, Frank I and Mildvan, Albert S},
	journal={Biochemistry},
	volume={37},
	number={47},
	pages={16828--16838},
	year={1998},
	publisher={ACS Publications}
}
@article{andersson2002activation,
	title={Activation of ribokinase by monovalent cations},
	author={Andersson, C Evalena and Mowbray, Sherry L},
	journal={Journal of molecular biology},
	volume={315},
	number={3},
	pages={409--419},
	year={2002},
	publisher={Elsevier}
}
@article{berkowitz1985concept,
	title={On the concept of local hardness in chemistry},
	author={Berkowitz, Max and Ghosh, Swapan K and Parr, Robert G},
	journal={Journal of the American Chemical Society},
	volume={107},
	number={24},
	pages={6811--6814},
	year={1985},
	publisher={ACS Publications}
}
@article{cardenas2011fukui,
	title={The Fukui potential and the capacity of charge and the global hardness of atoms},
	author={C{\'a}rdenas, Carlos and Tiznado, William and Ayers, Paul W and Fuentealba, Patricio},
	journal={The Journal of Physical Chemistry A},
	volume={115},
	number={11},
	pages={2325--2331},
	year={2011},
	publisher={ACS Publications}
}